2742 4384
426 266 516 306 nnrno
532 265 660 305 cernon
675 264 804 304 nuurnsr
818 264 963 305 urrunnu.
1131 250 1187 303 201

1143 351 1191 478 ‘ai

226 394 259 441 Β.
276 395 459 452 namurcen.
493 394 540 443 See
552 392 725 456 Dr‘ct.Antiq.‚
738 392 900 444 Hrromcra

228 473 281 518 13.
299 472 383 527 Ludi,
400 486 433 520 ac.
449 474 545 520 scenici.
578 471 617 520 Ci.
628 470 680 519 Liv.
698 472 721 525 7,
732 470 762 518 2:
779 469 848 519 Ludi
865 485 958 533 quoquc
968 471 1060 518 scenici
1061 503 1140 527 .....

191 549 257 596 inter
267 548 319 596 alia
331 549 439 596 calcetic
449 551 493 598 irc
502 549 643 613 placamina
656 549 770 596 inetituti
777 547 971 599 neuun-Er
984 581 991 594 .
1002 580 1009 594 .
1020 581 1026 594 .
1039 583 1045 595 .
1056 563 1139 611 nequo.

192 624 285 673 2³38.
728 626 742 667 ἀ

226 705 279 750 14.
297 702 340 749 Ad
357 702 514 760 placandos.
548 702 581 750 So
601 702 687 760 Orelli,
704 702 777 751 Klotz
793 702 842 750 eud
859 700 968 766 Madvig.
1000 702 1089 750 Others
1106 701 1140 750 ad

190 779 340 844 placandum
352 779 417 828 deor.
449 780 487 828 Ci.
499 780 527 827 Z.
540 779 593 828 666.

226 859 280 904 16.
298 857 440 914 lidemque
452 856 606 914 Junoertutl·
648 856 696 905 Dio
706 856 774 904 Cas.
785 857 799 905 1.
811 871 832 904 ο.
847 860 874 901 σᾶ
884 873 907 901 rr
916 854 953 901 clu
963 855 1020 901 ἄλλα
1029 854 1139 911 ἒξεθΰσντσ

190 939 235 985 ταῖς
243 938 330 988 μάντεσι
341 935 468 988 πειθόμεναι,
477 936 512 978 rai
521 936 551 987 τῷ
565 937 604 979 Διῒ
614 934 700 991 ἄγαλμα
709 936 780 989 μεῑζσν
790 940 840 991 πρός
849 949 873 978 τε
883 937 921 982 τὰς
930 932 1034 977 toarcius
1044 934 1079 975 καὶ
1089 934 1139 989 πρὸς

190 1007 228 1056 τὴν
238 1006 320 1061 ἀγορὰν
330 1002 419 1056 βλὶσσν,
428 1006 483 1052 ὅπως
493 1000 515 1047 at
525 1006 659 1060 σννωμσσὶαι,
671 1002 706 1062 ὑφ’
717 1001 746 1048 ὧν
756 1002 905 1062 naporum,
914 1001 1031 1058 Ισφανιῖεν,
1044 998 1138 1059 {donidi-

190 1092 225 1119 ναι
235 1073 377 1133 &uoluam-
404 1073 440 1121 M.
474 1073 520 1121 See
532 1074 573 1122 the
586 1075 644 1121 linea
655 1074 740 1135 quoted
753 1075 836 1129 above,
848 1074 909 1120 irorn
925 1070 989 1119 Tum
1000 1073 1056 1134 quie
1067 1078 1091 1119 to
1102 1072 1137 1118 oi·

191 1148 265 1197 deret.
300 1149 325 1197 lu
335 1151 467 1212 jueocrunt
481 1184 504 1198 ..
517 1184 523 1196 .
534 1185 540 1197 .
546 1149 633 1211 sacere
644 1151 686 1198 the
698 1151 791 1213 regular
802 1150 980 1198 construction?
1013 1147 1040 1195 Z.
1053 1148 1138 1195 617.-

192 1225 360 1274 Simulacrum
378 1226 456 1274 Jooic.
490 1226 529 1274 Dc
546 1225 632 1275 Dicin.
648 1226 730 1284 2202
747 1227 786 1275 Eo
805 1229 858 1290 ipro
880 1233 984 1289 ternpore
1003 1241 1050 1289 quo
1063 1225 1137 1287 ficret

191 1303 311 1351 indicium
324 1305 502 1367 conjurationic
518 1306 545 1352 in
562 1303 666 1361 Senatu,
678 1307 779 1367 rignum
795 1304 867 1351 Jooio
879 1303 974 1352 biennio
988 1310 1053 1368 pori,
1065 1318 1138 1366 quarn

191 1387 244 1428 crat
256 1381 371 1437 locatum,
380 1384 406 1429 in
420 1381 543 1445 Capitolio
554 1381 724 1431 collocabatur.
753 1380 870 1446 Bittiger,
881 1381 1010 1444 according
1021 1386 1045 1427 1ο
1056 1379 1137 1437 Orelli,

190 1459 235 1506 hae
246 1460 333 1521 proved
343 1460 452 1508 thetthir
459 1475 510 1507 wer
521 1476 536 1508 a
547 1461 613 1521 piace
625 1462 652 1508 ci
660 1458 767 1508 Cicero’e
778 1460 858 1508 clover
868 1461 1022 1508 contrivenco
1030 1465 1054 1505 to
1065 1458 1138 1506 nnnc

190 1537 232 1584 the
243 1537 326 1597 people
338 1537 395 1584 with
408 1537 517 1600 religione
528 1551 588 1584 owe.

227 1614 278 1659 16.
297 1612 409 1675 Contra,
420 1614 511 1669 atque.
547 1613 573 1660 Z.
584 1613 641 1669 ³40,
654 1612 726 1662 Note.

225 1690 279 1735 18.
297 1690 381 1745 Fore,
393 1690 424 1735 ut
435 1724 441 1736 .
452 1724 458 1736 .
470 1724 476 1737 .
488 1723 494 1736 .
505 1689 730 1737 illustrarentur.
765 1689 793 1737 Z.
804 1690 860 1739 594.

225 1768 279 1814 21.
298 1766 527 1813 collocandum..
539 1800 545 1813 .
557 1800 563 1812 .
575 1767 748 1813 locaverunt.
796 1766 942 1816 Contrected
958 1774 983 1815 to
999 1767 1061 1815 heve
1078 1768 1095 1814 it
1111 1781 1138 1815 ac

190 1843 282 1907 placed.
316 1843 362 1891 See
375 1842 402 1889 Ζ.
414 1843 468 1890 653.

223 1920 414 1969 cmlx-30.
432 1921 527 1968 Etru.
561 1920 589 1968 Z.
601 1921 654 1970 699.
688 1919 778 1969 Others
788 1922 845 1970 read
857 1919 1139 1985 comparariapcrditie

191 1997 295 2054 ciuibao,
308 1998 357 2046 ccc.
808 2054 812 2059 ⁴

224 2078 279 2122 34.
306 2075 355 2130 Ut,
374 2086 457 2131 quum
473 2075 607 2121 hodierno
625 2077 680 2123 dte.
723 2082 739 2106 “
751 2076 861 2125 Debebut
872 2077 992 2126 cohaerere
1003 2091 1059 2124 cum
1072 2074 1138 2123 illud

190 2168 268 2201 nonne
289 2153 326 2200 ita
343 2168 454 2216 precene
472 2158 517 2209 eet,
535 2151 607 2215 quod,
624 2169 698 2216 quum
716 2153 770 2202 lod.
783 2154 805 2201 d.
817 2155 867 2211 sed,
881 2154 975 2216 quando
981 2153 1081 2215 sactum
1092 2160 1137 2211 ect,

191 2229 292 2287 accidit,
305 2230 354 2278 dac.
365 2229 486 2293 precedit,
497 2246 591 2292 semper
607 2232 655 2279 sere
668 2232 699 2279 ud
715 2234 761 2280 hoc
777 2233 878 2280 refertur
895 2239 929 2279 ut.
946 2233 977 2280 ed
996 2231 1065 2280 Fam.
1077 2233 1101 2287 5,
1112 2231 1137 2288 2,

191 2308 284 2356 eddam
295 2307 361 2356 illud
373 2310 456 2364 etiam,
467 2306 533 2370 quod
543 2309 601 2369 jam
617 2324 663 2372 rgo
675 2325 762 2357 curare
780 2325 826 2357 non
839 2308 920 2366 debui,
931 2309 975 2357 ced
987 2316 1068 2357 lamen
1077 2308 1138 2370 ficri

190 2402 239 2436 non
251 2387 349 2433 mulcete
362 2386 418 2442 rati,
430 2392 503 2448 atquc
515 2387 598 2441 etiarn,
610 2393 638 2434 ut
650 2389 686 2435 ita
698 2387 781 2448 ficret,
796 2403 841 2450 pro
852 2403 906 2435 mea
915 2394 988 2450 parte
1000 2385 1096 2448 adjuvi,
1108 2393 1137 2434 ot

191 2472 292 2512 cenatur
303 2463 413 2511 conculta
425 2477 493 2509 moue
511 2464 634 2519 inimicae,
646 2466 703 2526 quia
718 2472 777 2511 tuuc
788 2463 872 2524 frater
889 2471 951 2520 erat,
963 2462 1137 2511 sublevaretur.

195 2539 263 2589 Verr.
277 2541 301 2597 2,
314 2541 352 2599 65,
367 2541 425 2588 158:
444 2540 473 2587 dc
485 2555 532 2603 quo
544 2539 638 2588 homine
651 2541 694 2589 loc
712 2540 827 2590 auditum
839 2549 876 2589 ert
888 2556 1004 2604 unquam,
1016 2540 1080 2602 quod
1093 2539 1138 2588 tibi

192 2618 291 2674 accidit,
309 2625 337 2666 ut
354 2620 409 2681 ejuo
426 2620 451 2665 in
467 2619 594 2681 provincio
613 2626 703 2667 statua
721 2620 904 2683 dejicerentur?
938 2619 976 2667 Ci.
985 2634 1030 2682 pro
1042 2619 1057 2667 l
1069 2617 1137 2666 Man.

192 2696 255 2757 tus.
289 2697 336 2744 Dio
348 2696 415 2745 Casu
426 2697 466 2751 37,
477 2694 518 2753 34,
529 2713 551 2758 p.
565 2697 619 2752 133,
631 2699 671 2745 ubi
684 2698 814 2746 Lentulum
826 2705 927 2759 praetura
938 2713 963 2745 ee
975 2697 1085 2744 abdicare
1097 2712 1136 2745 co·

192 2782 272 2821 actum
286 2782 377 2822 etcum
391 2775 482 2835 reliquis
494 2775 518 2821 in
527 2776 659 2822 custodiam
669 2775 781 2822 truditurn
794 2777 911 2823 narravit:
928 2776 962 2818 καὶ
973 2779 1046 2827 ταῦτα,
1054 2775 1136 2835 inquit,

191 2853 226 2895 rol
240 2856 268 2907 τῷ
283 2851 338 2907 δήμῳ
350 2851 500 2908 inclusimus,
511 2854 546 2895 καὶ
559 2853 653 2906 μάλιστα
664 2850 742 2904 laridi,
754 2857 790 2896 τοῦ
806 2854 919 2909 Κικέρωνος
934 2850 1099 2908 δημηγνρσῦνσός
1115 2867 1136 2894 τι

191 2923 236 2977 περὶ
246 2921 322 2976 αὐτῶν,
335 2923 358 2963 rl
370 2920 456 2976 ἄγαλμα
467 2924 490 2964 rl
501 2927 536 2964 roi
545 2925 594 2970 Διὸς
604 2919 624 2969 ἴς
633 2937 655 2964 τε
665 2925 689 2964 τὸ
699 2922 834 2965 Καπιτώλιον
844 2923 892 2981 παρ’
903 2922 965 2965 αὐτὸν
977 2925 1012 2964 rdo
1022 2926 1094 2978 καιρὸν
1101 2927 1137 2972 τῆς
1169 2950 1172 2955 ·

190 2987 315 3040 Ἐκκλησῖας
326 2988 426 3048 ἀνιδρύθη
440 2992 474 3034 rai
489 2994 541 3034 κατὰ
558 2994 595 3041 τὴν
606 2990 711 3047 ὑφήγησιν
722 2994 763 3032 τῶν
772 2995 866 3044 μάντεων
882 2997 930 3048 πρός
946 3006 969 3034 rc
985 2995 1022 3038 τὰς
1032 2991 1137 3039 ἀνατολὰς

191 3063 225 3103 rai
236 3066 285 3117 πρὸς
296 3064 332 3109 τὴν
347 3061 429 3117 ἀγορὰν
438 3058 518 3111 βλέπον
530 3060 625 3109 ducrldn'
634 3057 705 3110 Incidi}
715 3063 757 3116 γὰρ
771 3056 846 3103 ἐκεῖνον
857 3062 987 3115 συνωμοσίαν
998 3065 1044 3102 τινὰ
1056 3058 1137 3115 ἐξελιγ·

190 3132 306 3183 χθήσσσθαα
321 3128 344 3174 te
360 3137 396 3182 τῆς
412 3135 448 3173 roit
466 3129 590 3184 ἀγάλματος
605 3132 702 3177 πτώσεως
711 3129 827 3181 εἶρὴκεισαν
838 3131 873 3171 καὶ
886 3129 899 3180 ti
910 3129 1008 3177 ἀνάθεσις
1017 3129 1079 3172 alnou
1094 3133 1137 3176 σαῖς

191 3202 304 3256 duodicim
320 3197 431 3251 συνέβαινε
445 3203 469 3242 ro
484 3214 507 3242 rc
521 3200 577 3242 θνῖνν
591 3196 721 3254 ἒμεγάλαναν
738 3200 773 3242 καὶ
790 3203 837 3246 τοὺς
852 3201 890 3247 rhu
903 3198 973 3241 olrico
988 3198 1094 3249 λαβόντας
1108 3197 1136 3241 lr'

190 3269 252 3323 ὀργῆς
265 3270 348 3324 μᾶλλον
362 3266 474 3313 ἐποιοῦντο.
509 3267 544 3315 Μ.
577 3267 616 3315 Ci.
633 3268 674 3315 the
691 3283 731 3315 vv.
748 3266 1080 3322 above,ir01nlroectardnta
1093 3266 1137 3312 diu

191 3348 266 3392 tothc
278 3346 331 3393 end.

224 3424 279 3467 33.
298 3424 357 3468 Per
375 3422 475 3469 forum.
510 3422 647 3484 According
664 3426 690 3469 to
709 3420 829 3475 Matthiau
846 3419 931 3466 Cicero
947 3420 1005 3467 then
1023 3419 1137 3481 occupied

190 3501 231 3546 the
243 3501 315 3547 honre
327 3502 406 3548 which
418 3501 450 3547 ho
460 3501 550 3563 bought
561 3500 587 3546 os
596 3498 713 3555 Crassum
730 3514 756 3544 eo
767 3498 820 3545 that
832 3497 872 3545 tlte
878 3496 964 3556 forum
975 3498 1015 3558 lay
1029 3497 1137 3544 between

189 3578 208 3623 it
219 3577 266 3624 ond
279 3578 319 3624 the
335 3575 435 3640 Temple
446 3575 476 3636 of
486 3576 603 3624 concord.
627 3575 761 3623 Middleton
767 3575 887 3622 describes
899 3576 916 3621 it
928 3575 984 3621 thur
992 3580 1045 3620 :-“
1056 3573 1138 3621 About

190 3655 231 3701 the
248 3656 305 3701 time
317 3656 343 3701 oi
357 3656 404 3701 thie
415 3656 466 3701 trini
485 3654 545 3716 [pro
558 3652 642 3708 Sulla,
653 3654 743 3705 which,
755 3653 875 3707 however,
887 3667 937 3698 was
948 3649 1015 3711 oster
1031 3652 1068 3697 his
1079 3665 1137 3697 con·

189 3732 297 3792 oulchip]‚
309 3732 393 3779 Cicero
409 3731 500 3793 bought
516 3747 531 3777 a
547 3731 620 3778 heure
638 3731 664 3777 oi
681 3730 717 3777 M.
730 3729 838 3784 Crassus,
856 3744 885 3775 on
904 3731 945 3775 the
963 3727 1071 3775 Palatino
1087 3727 1136 3782 hill,

148 3824 153 3831 “
191 3807 312 3871 udjoining
328 3814 352 3856 to
364 3810 418 3856 that
434 3810 459 3855 in
471 3808 551 3856 which
568 3808 599 3854 he
610 3806 659 3854 hed
677 3808 770 3867 always
781 3806 842 3853 lived
854 3806 912 3853 with
932 3806 969 3852 hie
986 3805 1072 3859 iether,
1089 3803 1138 3851 and
