2742 4384
482 300 516 339 nt
535 298 707 352 caman,
727 300 796 345 ota.
816 302 844 341 x.
1142 282 1183 348 Μ

177 427 226 486 ille
240 429 309 486 haec
322 428 439 504 templa,
452 428 500 486 ille
514 428 587 486 hanc
601 429 709 496 urbem,
723 428 769 486 ille
782 448 833 488 vos
846 448 944 488 omnes
961 430 1055 489 salros
1068 452 1131 493 esse

177 507 279 564 voluit.
323 507 384 564 Diis
398 526 454 585 ego
467 507 671 565 immortalibus
691 507 811 566 ducibus
828 508 900 567 banc
915 519 1046 577 montem,
1061 512 1129 580 Qui

177 586 256 652 ritas,
282 586 516 663 voluntatemque
536 586 647 662 suscepi
668 596 755 663 atque
778 587 815 644 ad
839 586 902 645 brac
927 595 1006 645 tanta
1029 588 1129 649 iudicia

177 664 304 740 perveni.
344 664 411 721 Jam
424 683 492 721 vero
511 663 559 720 illa
576 663 766 741 Allobrogum
787 664 945 723 sollicitatio
960 664 981 741 †
997 667 1036 725 sic
1056 688 1074 725 a
1094 670 1126 728 P.

175 742 303 798 Lentulo
316 743 473 818 ceterisque
486 741 648 799 domesticis
672 742 801 800 hostibus
818 751 875 800 tam
889 743 1035 802 dementer
1049 750 1155 805 hatab

174 839 224 877 res
238 821 347 877 credita
360 827 391 878 et
408 819 512 898 ignotis
525 827 555 877 et
578 820 704 878 barbaris
717 821 931 899 commissaeque
952 822 1041 883 literas
1056 845 1124 884 nun-

174 918 265 975 quam
280 907 375 956 essent
396 899 533 975 pmtecto,
547 898 599 955 nisi
616 900 654 957 ab
667 899 721 957 diis
740 900 943 958 immortalibus
958 901 1021 959 huie
1037 914 1124 963 tantm

166 978 304 1034 audaciae
318 977 463 1035 consilium
476 985 552 1034 esset
564 986 702 1053 ereptum
734 978 809 1046 Quid
824 980 913 1036 vero?
945 980 985 1037 Ut
1000 981 1136 1041 homines

176 1055 255 1112 Galli
279 1073 315 1112 ex
338 1056 450 1113 civitate
470 1055 544 1113 male
638 1064 676 1122 ta,
699 1076 764 1133 quae
785 1075 856 1134 gens
874 1076 930 1114 una
950 1068 1046 1126 restat,
1080 1080 1123 1119 ua

173 1134 285 1191 bellum
298 1134 407 1212 populo
421 1135 551 1191 Romano
575 1152 657 1192 acero
670 1142 702 1193 et
721 1153 804 1212 posse
818 1144 847 1192 et
867 1154 923 1193 non
942 1138 1016 1195 nolle
1049 1139 1055 1150 '
1077 1160 1122 1197 ea-
1137 1138 1175 1197 lt)

173 1221 231 1278 tur,
247 1232 328 1290 spem
342 1213 451 1290 imperii
470 1230 503 1270 ac
517 1231 611 1270 rerum
625 1213 860 1302 amplissimarum
874 1214 949 1273 ultro
969 1216 1021 1273 sibi
1041 1235 1059 1273 a
1073 1237 1121 1295 pa·

173 1290 262 1348 triciis
283 1291 442 1349 hominibus
466 1291 592 1349 oblatam
606 1291 782 1370 negligerent
801 1300 981 1370 vestramque
1001 1295 1122 1356 salutem

172 1370 232 1426 suis
247 1370 349 1447 opibus
363 1378 574 1446 anteponerent,
588 1369 617 1427 id
640 1388 696 1427 non
716 1369 849 1428 divinitus
863 1371 970 1430 lactum
983 1391 1045 1431 ease
1070 1394 1121 1453 pu·

172 1448 264 1504 tatis?
314 1449 477 1506 Praeserdm
500 1448 549 1525 qui
574 1467 627 1506 noa
652 1467 710 1506 uon
734 1449 896 1527 pugnando,
924 1450 974 1509 sed
1001 1453 1122 1512 tacendo

11 1564 13 1605 1
93 1544 99 1557 ’
171 1545 308 1602 superare
322 1534 485 1603 potuerunt
1133 1533 1169 1590 lb

212 1606 248 1663 tt
291 1613 337 1663 23.
360 1606 560 1675 Quamobrem,
581 1605 713 1674 Quirites,
728 1606 861 1682 qnoniam
874 1606 910 1664 ad
925 1608 1017 1666 omnia
1031 1610 1120 1688 pulvi·

170 1685 251 1741 naria
274 1683 444 1762 supplicatio
472 1683 586 1741 decreta
606 1691 659 1751 est,
685 1684 857 1753 celebratote
884 1685 946 1743 illos
973 1687 1033 1745 dies
1055 1708 1120 1748 cum

171 1763 343 1840 conjugibus
367 1781 400 1819 ac
423 1761 518 1820 liberis
537 1762 644 1820 vestris.
694 1763 770 1819 Nam
791 1763 874 1820 multi
898 1784 976 1841 saepe
1001 1766 1120 1825 bonores

171 1842 226 1898 diis
247 1841 454 1898 immortalibus
472 1840 543 1917 justi
565 1840 655 1899 habiti
667 1850 734 1898 sunt
757 1861 791 1899 ac
806 1841 902 1908 debiti,
917 1842 968 1900 sed
994 1845 1121 1919 proiecto

171 1921 303 1997 justiores
325 1937 476 1996 nunquam.
518 1919 614 1997 Erepti
637 1919 710 1977 enim
734 1920 802 1978 estis
826 1938 861 1977 ex
881 1920 1073 1979 crudelissimo
1086 1926 1169 1981 acio

169 1999 328 2056 miserrimo
346 1997 469 2065 interitu,
492 2005 522 2054 et
540 1999 630 2076 erepti
643 1998 703 2055 sine
717 1998 804 2065 cade,
819 1998 878 2056 sine
901 2000 1046 2078 sanguine,
1061 2001 1120 2059 sine

170 2078 306 2144 exercitu,
321 2077 379 2134 sine
399 2076 592 2143 dimicatione;
608 2064 711 2154 fugati
732 2096 778 2135 me
798 2097 855 2136 uno
878 2085 977 2155 togato
996 2079 1072 2137 duce
1090 2088 1120 2138 et

170 2156 343 2233 imperatore
355 2155 469 2212 vicistis.
483 2161 541 2226 24.
555 2155 666 2213 Etenim
679 2156 871 2222 recordamini,
881 2157 1011 2225 Quirites,
1021 2177 1118 2217 omnes

171 2236 269 2293 civiles
282 2234 476 2299 dissensiones,
491 2252 547 2291 non
567 2234 658 2291 solum
678 2252 736 2300 eas,
750 2253 821 2310 quas
843 2235 970 2302 audistis,
985 2237 1035 2294 sed
1059 2256 1116 2303 eas,

170 2332 244 2389 quas
267 2321 375 2370 vosmet
398 2313 453 2389 ipsi
474 2312 636 2371 meministis
658 2324 746 2388 atque
770 2313 895 2371 vidistis:
924 2313 956 2372 L.
981 2314 1062 2373 Sulla
1082 2315 1116 2373 P.
1129 2320 1166 2375 25

170 2391 330 2468 Sulpicium
348 2390 507 2469 oppressit:
529 2408 563 2447 ex
577 2391 647 2448 urbe
661 2391 745 2467 ejecit
768 2391 801 2448 Ο.
817 2392 945 2457 Marium,
970 2393 1117 2453 custodem

169 2472 258 2549 hujus
271 2470 356 2536 urbis,
370 2470 534 2546 multosque
547 2470 635 2527 iortes
648 2470 722 2525 viros
736 2470 839 2547 partim
854 2471 937 2548 ejecit
947 2490 982 2529 ex
996 2472 1116 2543 ciuitate,

169 2549 275 2627 partim
294 2549 440 2606 interemit.
483 2548 535 2606 On.
551 2547 695 2614 Octavius,
712 2549 819 2617 consul,
844 2549 928 2607 armis
948 2551 1057 2630 expulit
1081 2573 1117 2612 ex

76 2656 80 2669 ⁸
169 2630 241 2685 urbe
256 2627 394 2704 collegam
407 2645 508 2692 suum3
529 2627 618 2684 omnis
638 2627 683 2684 bic
708 2628 787 2686 locus
800 2631 906 2687 acervis
920 2650 1070 2708 corporum
1087 2642 1116 2691 et

169 2707 272 2764 civium
300 2706 435 2783 sangiune
463 2705 639 2764 redundavit.
676 2704 846 2783 '‘Superavit
873 2705 998 2787 [postea]
1026 2711 1166 2768 cinnatu

168 2805 234 2843 cum
255 2785 353 2851 Mario.
394 2785 468 2840 Τιιηι
489 2801 555 2841 vero
578 2784 737 2843 clarissimis
750 2786 815 2842 viris
835 2786 989 2844 interiectis
1012 2788 1117 2847 luminu

169 2864 290 2921 civitatis
304 2863 444 2921 exstincta
458 2869 532 2920 sunt.
572 2862 659 2920 Ultus
680 2873 725 2923 est
749 2864 835 2942 hujus
850 2864 972 2923 victoriae
996 2866 1115 2925 crudeli·

76 3006 82 3011 ,
167 2950 258 3000 tatem
282 2948 383 3020 postea
404 2941 503 3007 Sulla;
523 2960 558 2997 ue
579 2940 633 2999 dici
652 2942 768 3017 quidem
786 2962 858 3020 opus
871 2951 923 3010 est,
937 2952 1043 3021 quanta
1066 2945 1115 3004 de·

168 3021 323 3078 minutione
333 3021 437 3077 civium
450 3026 480 3076 et
493 3027 599 3095 quanta
612 3020 769 3078 calamitate
784 3021 823 3079 rei
837 3023 967 3098 publicae.
1002 3023 1114 3081 Dissen-

168 3100 203 3157 sit
220 3100 266 3156 M.
281 3098 410 3176 Lepidus
432 3116 450 3154 a
471 3098 623 3155 clarissimo
642 3117 675 3155 ec
697 3099 848 3157 fortissimo
862 3100 929 3168 viro,
953 3102 987 3170 Q
1003 3101 1113 3160 Catulo.
1126 3108 1164 3163 35

169 3178 275 3236 Attulit
288 3197 346 3235 non
365 3186 426 3234 tam
449 3176 537 3252 ipsius
558 3176 686 3233 interitus
700 3178 740 3234 rei
754 3179 876 3255 publicae
891 3178 1008 3247 luctum,
1029 3200 1114 3256 quam

169 3260 413 3321 cetemmmbttb.
435 3255 533 3332 Atque
546 3255 601 3313 illae
616 3263 712 3312 tamen
725 3274 822 3314 omnes
835 3256 1021 3315 dissensiones
1035 3267 1115 3316 amnt

169 3335 316 3412 ejusmodi,
332 3334 464 3403 Quirites,
479 3352 543 3409 quae
558 3351 613 3390 non
627 3333 664 3390 ad
679 3333 837 3400 delendam,
859 3335 910 3393 sed
933 3335 970 3392 od
989 3355 1114 3394 commu·

167 3414 283 3471 tendam
297 3432 358 3470 rem
373 3411 517 3489 publicam
533 3412 721 3487 pertinerent;
739 3432 795 3470 non
809 3413 847 3470 illi
861 3413 967 3471 nullam
980 3433 1041 3472 esse
1055 3435 1114 3472 rem

50 3535 61 3546 .
111 3532 120 3545 .
167 3493 319 3568 publicam,
343 3491 395 3548 sed
413 3490 442 3547 in
464 3508 506 3555 ea,
531 3509 595 3565 quae
619 3497 702 3557 esset,
717 3510 747 3548 se
769 3509 830 3549 esse
871 3490 998 3569 rincipes,
1023 3511 1114 3568 neque
1125 3498 1163 3552 to

166 3570 237 3629 benc
257 3572 360 3628 urbem
381 3568 564 3646 conflagrare,
578 3568 629 3625 sed
649 3588 680 3626 se
699 3570 728 3626 in
747 3570 801 3627 bac
816 3590 849 3626 ur
907 3570 1005 3629 florere
1019 3570 1113 3628 volue-

84 3695 90 3705 .
166 3657 237 3707 runt.
279 3649 380 3725 Atque
394 3647 452 3705 illae
466 3654 561 3703 tamen
575 3664 672 3704 omnes
691 3648 883 3714 dissensiones,
898 3668 1018 3725 quarum
1037 3649 1115 3705 nulla

166 3729 280 3786 exitium
303 3728 343 3785 rei
358 3726 484 3803 publicae
499 3725 636 3800 quaesivit,
651 3725 791 3801 ejusmodi
811 3726 934 3793 inerunt,
949 3736 982 3784 ut
1001 3745 1058 3784 nou
1071 3744 1113 3783 re·

166 3807 360 3865 conciliatione
374 3803 544 3870 concordias,
558 3802 611 3860 sed
630 3804 818 3861 internecione
832 3803 934 3863 civium
950 3804 1114 3881 dijudicatas

583 3970 601 4017 3
710 3982 713 3989 .
