2742 4384
674 700 721 751 IN

316 886 397 995 L.
449 881 1077 997 CATILINAM

478 1129 668 1189 ORATIO
711 1129 917 1200 QUARTA

359 1266 363 1270 -
418 1324 623 1511 flnssprn
657 1323 974 1449 IN'SllNA-l'll.

261 1791 285 1851 Ι.
328 1797 354 1851 1.
375 1792 482 1859 Vinu0,
502 1792 603 1850 Patres
622 1791 783 1869 conscripti,
798 1791 826 1849 in
846 1812 891 1850 me
905 1793 1029 1850 omnium
1042 1801 1170 1852 vestrum

215 1880 271 1931 bra
284 1879 370 1948 atque
384 1872 481 1929 oculos
495 1891 556 1930 esse
571 1890 728 1930 couversos.
770 1871 862 1928 Video
879 1888 930 1928 vos
950 1891 1004 1929 non
1025 1872 1117 1929 solum
1132 1872 1170 1932 de

121 2006 124 2011 ,
220 1959 316 2009 vestro
330 1951 417 2008 acrei
437 1951 568 2028 publicae,
583 1970 681 2007 verum
702 1949 796 2016 etiam,
811 1949 834 2006 si
858 1950 887 2006 id
909 1949 1060 2026 depulsum
1073 1951 1117 2017 sit,
1132 1951 1170 2010 de

220 2047 284 2086 meo
298 2029 423 2105 periculo
437 2047 498 2086 esse
512 2029 652 2087 sollicitos.
695 2028 747 2086 Est
770 2027 839 2085 mihi
850 2028 976 2105 jucunda
996 2028 1023 2084 iu
1044 2029 1126 2087 malis
1140 2036 1170 2088 et

193 2116 304 2242 tprata
327 2108 355 2163 in
378 2106 475 2164 dolore
494 2115 590 2165 vestra
611 2125 680 2185 erga
704 2126 750 2164 me
771 2107 918 2164 voluntas:
947 2105 998 2163 sed
1021 2126 1093 2175 earn,
1118 2127 1170 2185 per
1228 2147 1236 2161 .

116 2186 138 2231 5³
243 2204 291 2242 eos
304 2186 492 2243 immortales!
513 2186 645 2262 deponite
654 2195 740 2262 atque
755 2183 835 2253 obliti
847 2184 946 2241 salutis
956 2204 1028 2242 meae
1043 2185 1080 2244 de
1089 2187 1169 2245 vobis

222 2281 255 2321 ao
269 2263 305 2321 de
319 2264 418 2323 vestris
431 2265 525 2323 liberis
535 2264 665 2342 cogitate.
708 2263 778 2322 Mihi
791 2264 814 2321 si
828 2264 889 2320 haec
904 2263 1026 2321 conditio
1040 2265 1167 2322 consula-

221 2349 268 2399 tus
289 2342 359 2400 datu
378 2349 478 2409 estut
499 2362 595 2400 omnes
616 2342 794 2410 acerbitates,
809 2360 906 2400 omnes
930 2342 1042 2400 dolores
1063 2344 1167 2401 crucia-

221 2426 324 2496 tusque
349 2420 510 2496 perferrem,
531 2422 620 2479 feram
643 2440 699 2477 non
716 2422 809 2478 solum
830 2420 948 2488 sortiter,
963 2440 1061 2479 verum
1083 2423 1169 2479 etiam

35 2514 46 2545 s
69 2550 71 2555 .
100 2500 104 2557 1
133 2540 135 2543 -
175 2506 211 2560 lo
222 2497 348 2564 libenter,
364 2498 520 2556 dummodo
533 2500 602 2557 meis
616 2500 760 2556 laboribus
770 2500 854 2565 vobis
864 2500 1026 2577 populoque
1041 2501 1168 2557 Romano

85 2560 207 2643 ΜΗ.
222 2575 343 2655 dignitas
357 2576 490 2653 salusque
504 2578 635 2711 &pia-tur.
679 2585 705 2634 2.
728 2577 790 2655 Ego
805 2582 868 2634 sum
887 2578 933 2636 ille
947 2579 1053 2644 consul,
1069 2579 1168 2636 Patres

11 2714 14 2721 .
81 2658 111 2731 ᾗ,
222 2654 440 2731 conscriptioni
459 2675 515 2712 non
542 2675 631 2723 orum,
646 2655 674 2712 in
688 2674 745 2733 quo
759 2656 848 2712 omnis
869 2657 987 2733 aequitas
1001 2658 1166 2724 continetur,

42 2804 46 2813 Δ
223 2751 279 2789 non
302 2752 419 2810 campus
434 2733 624 2792 consularibus
643 2734 773 2810 auspiciis
798 2745 985 2802 consecratus,
1006 2754 1061 2792 non
1081 2735 1166 2803 curia,

90 2876 92 2879 ,
222 2830 365 2869 summum
379 2811 511 2869 auxilium
526 2813 649 2869 omnium
671 2813 808 2890 gentium,
823 2832 880 2870 non
894 2813 1004 2882 domus,
1019 2832 1167 2871 commune

175 2901 210 2955 15
223 2890 392 2967 perfugium,
407 2909 462 2947 non
485 2890 576 2948 lectus
589 2891 626 2948 ad
649 2891 880 2968 quietemdatus,
895 2910 950 2948 non
965 2892 1084 2968 denique
1103 2893 1168 2950 haeo

222 2969 305 3026 sedes
325 2968 529 3036 honoris,'sella
543 2970 655 3037 curulis,
673 2989 796 3047 unquam
812 2984 902 3027 *cua
921 2971 1017 3028 mortis
1042 2970 1167 3047 periculo

222 3055 308 3123 atque
321 3047 424 3120 insidiis
443 3048 504 3105 fuit.
546 3048 608 3124 Ego
623 3049 713 3106 multa
737 3049 821 3115 tacui,
836 3049 927 3105 multa
948 3049 1058 3126 pertuli,
1078 3050 1169 3106 multa

223 3126 355 3192 concessi,
370 3126 460 3183 multa
472 3145 537 3183 meo
551 3126 675 3203 quodam
691 3126 788 3185 dolore
801 3128 829 3184 in
843 3135 938 3184 vestro
952 3128 1050 3184 timore
1064 3127 1167 3185 sanavi.

222 3203 315 3270 Nunc,
337 3204 360 3261 si
380 3205 454 3262 hunc
476 3205 582 3262 exitum
604 3206 766 3263 cumulatus
787 3207 842 3264 mei
864 3205 902 3261 dii
923 3205 1093 3263 immortales
1107 3224 1169 3263 esse

173 3292 211 3345 20
222 3283 378 3349 voluerunt,
394 3292 427 3341 ut
436 3302 497 3350 vos,
511 3283 612 3341 Patres
627 3284 786 3361 conscripti,
798 3285 994 3361 populumque
1008 3284 1168 3342 Romanum

222 3379 258 3417 ex
272 3361 352 3425 ccede
366 3361 527 3428 miserrima,
542 3362 677 3440 conjuges
698 3363 858 3437 liberosque
871 3368 979 3418 vestros
993 3362 1169 3438 virginesque

180 3458 181 3461 ¹
222 3438 353 3495 Vestales
374 3457 409 3495 ex
431 3439 611 3497 acerbissima
633 3440 788 3505 vexatione,
811 3438 917 3514 templa
937 3446 1023 3514 atque
1041 3439 1168 3507 delubra,

222 3516 295 3573 hanc
310 3517 528 3592 pulcherrimam
541 3518 659 3593 patriam
674 3517 799 3574 omnium
819 3525 947 3572 nostrum
962 3534 998 3572 ex
1014 3514 1170 3573 foedissima

10 3626 13 3629 ·
148 3618 171 3625 „
221 3594 344 3660 flamma,
359 3602 449 3651 totum
464 3595 576 3651 Italiam
591 3613 626 3651 ex
642 3595 717 3652 bello
731 3603 761 3651 et
780 3593 913 3651 vastitate
931 3594 1077 3670 eriperem,
1092 3611 1169 3669 quae·

17 3660 142 3747 ΖΜΝ
172 3682 211 3738 26
222 3691 333 3748 cunque
347 3673 414 3730 mihi
427 3672 475 3730 uni
494 3682 668 3750 proponetur
680 3673 803 3739 fortuna,
818 3672 961 3757 ⁸Qlffl·
1003 3671 1170 3740 Etenim,si

221 3752 255 3810 P.
280 3752 417 3810 Lentulus
441 3770 523 3809 suurn
547 3769 657 3817 nomen,
682 3750 815 3808 inductus
836 3770 854 3808 a
877 3751 998 3818 vatibus,
1023 3750 1109 3811 fatale
1132 3752 1170 3810 ad

9 3838 81 3911 Mc.
94 3808 163 3891 W
221 3830 372 3909 perniciem
396 3829 495 3909 populi
518 3829 639 3887 Romani
660 3832 722 3887 fore
742 3830 862 3909 putavit,
876 3850 928 3890 cur
940 3849 996 3910 ego
1009 3847 1067 3888 non
1087 3828 1170 3917 Q

363 4058 375 4089 Ι
