2742 4384
223 212 263 272 70
696 229 805 272 onemo

297 360 346 418 JV.
390 367 435 420 13.
465 361 564 438 Atque
585 361 640 419 hoc
664 361 697 420 O.
720 360 840 418 Oaesaris
862 360 1009 437 judicium,
1032 362 1133 420 Patres
1157 383 1224 423 con·

247 506 251 512 .
270 440 375 516 scripti,
391 459 476 516 quam
490 441 547 498 late
562 448 659 517 pateat
673 441 826 497 attendite:
854 460 952 497 omnes
966 442 1048 507 enim,
1063 442 1111 517 qui
1125 443 1161 499 ad
1175 444 1224 502 illa

270 536 349 575 arma
363 520 422 577 fato
436 520 643 591 sumusffresoio
663 539 720 595 quo
739 520 779 576 rei
799 519 922 595 publicae
936 521 1038 577 misero
1053 522 1222 598 funestoque

270 598 416 675 compulsi,
427 599 479 656 etsi
494 599 588 675 aliqua
597 600 681 675 culpa
696 607 825 655 tenemur
835 598 935 654 erroris
949 599 1072 667 humani,
1085 619 1102 656 a
1116 602 1222 660 scelere

242 681 346 734 ocerte
370 678 482 735 liberati
505 697 611 736 sumus
653 678 729 734 Nam
751 697 840 754 quum
863 677 902 734 M
928 677 1095 735 Marcellum
1120 680 1220 756 depre-

270 764 335 812 cant
324 756 398 814 tibus
412 757 493 814 vobis
503 776 543 814 rer
535 757 679 834 publicae
694 756 883 814 conservavit:
909 765 1014 814 memet
1003 759 1096 814 tmihi
1110 766 1139 816 et
1152 760 1219 817 item

268 835 308 892 rei
309 836 455 927 publicae
474 837 552 894 nullo
566 836 736 913 deprecante
748 835 877 910 reliquos
891 836 1118 912 amplissimos
1093 857 1166 894 viros
1190 846 1219 896 et

269 900 350 970 sibi
343 934 420 991 ipsos
445 923 474 973 et
499 915 598 992 patriae
623 914 766 972 reddidit:
787 934 908 990 quorum
930 922 959 972 e
982 916 1169 991 frequentiam
1190 924 1220 974 et

269 992 436 1071 dignitatem
457 994 542 1052 hoc
535 1012 597 1070 rpso
620 993 649 1050 in
670 1012 803 1051 consessu
825 993 934 1051 videtis.
977 994 1042 1051 Non
1063 996 1109 1052 ille
1123 996 1218 1054 hostes

222 1072 409 1130 1οιιιιιιιιιι
366 1080 430 1131 tm
454 1073 568 1139 curiam,
597 1072 648 1129 sed
670 1072 809 1162 judicavit
835 1091 853 1128 a
877 1073 1029 1149 plerisque
1045 1075 1220 1152 ignoratione

268 1152 362 1229 potius
377 1161 406 1210 et
430 1153 502 1209 falso
520 1159 606 1228 atque
625 1151 700 1208 inani
713 1159 800 1218 metu,
814 1170 902 1227 quam
916 1151 1054 1228 cupiditat
1056 1173 1071 1210 e
1085 1160 1135 1210 aut
1156 1173 1218 1211 cru

268 1231 384 1289 delittate
398 1231 503 1289 bellum
518 1250 581 1289 esse
595 1238 768 1307 susceptum
799 1237 856 1287 54.
879 1231 943 1299 Quo
962 1231 1103 1307 quidem
1096 1252 1124 1288 ιιι
1143 1233 1220 1290 bello

267 1329 380 1386 semper
402 1311 438 1368 de
461 1330 531 1387 pace
555 1309 730 1366 audiendum
754 1317 806 1387 put
807 1310 852 1366 avi
860 1329 1040 1401 semperque
1061 1311 1138 1368 dolui
1161 1331 1219 1369 non

266 1389 352 1445 modo
377 1408 485 1466 pacem,
500 1390 551 1447 sed
573 1389 659 1445 etiam
673 1388 829 1446 orationem
844 1389 945 1446 civium
967 1409 1067 1466 pacem
1088 1390 1217 1468 flagitari

221 1467 338 1524 15tt1um
361 1469 511 1544 repudiari.
563 1468 664 1543 Neque
688 1467 762 1524 enim
787 1486 841 1546 ego
864 1468 913 1524 illa
936 1488 988 1526 nec
1011 1470 1072 1525 ulla
1093 1489 1219 1561 unquam

267 1554 381 1603 secutus
395 1567 458 1603 sum
479 1566 557 1603 arma
571 1547 695 1604 civilia:s
681 1565 850 1623 semperque
870 1566 934 1604 mea
948 1549 1062 1605 consilia
1086 1549 1164 1625 pacis
1189 1557 1220 1606 et

266 1630 344 1701 togae
368 1623 453 1693 socia,
468 1646 524 1683 non
545 1626 611 1684 belli
631 1634 717 1701 atque
737 1645 880 1682 armorum
900 1626 1023 1683 fuerunt.
1066 1627 1217 1685 Hominem

267 1722 331 1760 sum
344 1712 425 1762 secut
425 1725 459 1762 us
460 1706 565 1797 privat
566 1725 583 1761 o
554 1705 721 1771 tconsilio,
736 1723 792 1761 non
806 1705 936 1781 publico:
957 1713 1124 1782 tantumque
1138 1706 1216 1783 apud

266 1802 311 1840 me
325 1785 399 1861 grati
422 1785 508 1842 animi
529 1785 619 1842 fidelis
639 1784 774 1841 memoria
787 1784 882 1850 valuit,
898 1791 931 1841 ut
951 1784 1029 1841 nulla
1053 1804 1108 1841 uon
1131 1786 1218 1843 modo

219 1864 429 1939 20cupiditate,
445 1864 496 1921 sed
517 1883 552 1921 ne
566 1882 618 1940 spe
632 1863 747 1939 quidem
768 1862 936 1939 prudenset
957 1863 1048 1920 sciens
1069 1871 1215 1940 tamquam

265 1942 323 1999 ad
316 1944 409 2000 rnterit
410 1963 459 2000 um
473 1962 583 2001 ruerem
597 1941 795 1998 voluntarium.
828 1949 872 2000 15
893 1942 978 2010 Quod
992 1934 1106 2032 qdidem
1121 1962 1217 2000 meum

265 2021 410 2079 consilium
435 2017 549 2079 minime
573 2022 724 2078 obscurum
746 2021 806 2078 f
848 2021 924 2078 Nam
944 2029 973 2078 et
996 2021 1023 2077 in
1045 2023 1099 2078 hoc
1117 2022 1227 2097 ordine,

264 2100 306 2156 int
307 2119 375 2178 egra
388 2121 429 2165 ιο
432 2102 505 2158 mult
494 2108 523 2158 ta
537 2100 574 2157 de
588 2119 658 2176 pace
673 2100 731 2157 dixi
745 2107 774 2157 et
796 2100 826 2157 in
845 2101 907 2178 ipso
928 2099 1002 2158 bello
1017 2101 1117 2157 eadem
1122 2101 1216 2163 etiam

265 2198 331 2237 cum
345 2181 421 2257 capit
422 2180 445 2237 is
458 2200 513 2237 mer
505 2179 650 2256 periculo
657 2179 747 2237 sensi.
788 2180 832 2235 Ex
846 2199 903 2255 quo
918 2198 1000 2236 nemo
1020 2180 1079 2256 J'am
1092 2176 1144 2237 erit
1158 2187 1216 2236 tam

218 2258 386 2336 25injustus
410 2260 583 2317 existimator
606 2277 702 2315 rerum
705 2257 775 2351 qui
799 2258 919 2325 dubitet,
899 2264 1009 2334 tquae
1034 2259 1156 2316 Caesaris
1180 2258 1217 2316 de

265 2338 340 2396 bello
363 2340 494 2397 voluntas
517 2338 610 2405 fuerit,
635 2328 723 2428 quum
749 2337 827 2415 pacis
850 2345 981 2395 auctores
1009 2338 1216 2395 conservandos
1269 2332 1275 2361 ²

265 2418 362 2474 statim
385 2417 532 2484 censuerit,
557 2417 657 2475 ceteris
684 2417 770 2473 fuerit
793 2416 896 2474 iratior.
946 2417 1044 2505 Atque
1068 2416 1096 2473 id
1123 2404 1216 2473 minus

264 2495 386 2552 fortasse
399 2497 500 2553 mirum
520 2502 590 2564 tum,
606 2514 695 2572 quum
709 2502 785 2552 esset
804 2496 928 2553 incertus
948 2496 1040 2552 exitus
1053 2503 1091 2559 οι
1110 2514 1215 2585 anceps

264 2573 378 2630 fortuna
398 2575 479 2631 belli:
501 2575 549 2651 qui
563 2578 633 2632 vero
639 2574 735 2635 ιιοιοι
741 2574 833 2651 pacis
848 2581 978 2632 auctores
993 2575 1092 2652 diligit
1113 2574 1136 2631 is
1150 2593 1214 2653 pro·

217 2656 255 2709 30
264 2654 342 2711 secto
354 2652 478 2710 declarat
466 2660 522 2710 tse
537 2654 668 2711 maluisse
682 2673 738 2710 non
752 2653 885 2711 dimicare
890 2672 983 2744 :quam
998 2653 1138 2710 vincere.-

304 2733 358 2790 VI.
408 2737 453 2789 16.
484 2732 582 2809 Atque
609 2733 695 2810 hujus
719 2732 834 2809 quidem
858 2733 898 2790 rei
925 2733 964 2789 M.
989 2733 1123 2790 Marcello
1150 2749 1214 2790 sum

263 2812 353 2870 testis.
395 2811 491 2868 Nost
457 2812 590 2885 tmenim
614 2830 723 2878 sensus,
744 2819 777 2868 ut
800 2812 829 2868 in
853 2830 923 2888 pace
946 2831 1068 2888 semper,
1090 2812 1128 2869 sic
1152 2822 1215 2868 tum

264 2892 349 2949 etiam
372 2890 401 2947 in
425 2890 499 2947 bello
524 2892 725 2967 congruebant.
768 2890 885 2958 Quoties
905 2909 960 2969 ego
974 2910 1039 2947 eum
1058 2897 1087 2946 et
1108 2898 1214 2966 quanto

265 2970 441 3028 cumdolore
456 2969 520 3036 vidi,
536 2989 624 3105 quum
644 2969 821 3027 insolentiam
836 2977 978 3026 certorum
992 2969 1136 3025 hominum
1152 2978 1214 3025 tum

217 3049 350 3108 ecetram
377 3048 465 3126 ipsius
492 3048 536 3106 vic
538 3049 616 3105 toriae
642 3048 820 3106 ferocitatem
847 3049 1029 3105 extimescent
1018 3048 1093 3105 tem!
1149 3048 1214 3115 Quo

263 3129 406 3206 gratiort
407 3147 444 3185 ua
467 3127 587 3185 liberaiit
575 3134 627 3195 t,es
650 3128 683 3185 O
700 3128 807 3194 Caesar,
832 3127 922 3195 nobis,
944 3127 992 3202 qui
1015 3126 1063 3182 illa
1082 3126 1213 3194 vidimus,

264 3207 351 3265 debet
365 3226 434 3265 esse.
476 3206 542 3264 Non
556 3206 629 3264 enim
648 3207 709 3284 J'am
723 3225 817 3264 causae
833 3214 900 3263 sunt
919 3207 992 3263 inter
1005 3224 1044 3272 se,
1059 3205 1151 3262 sed
1125 3216 1213 3262 victo-

263 3286 312 3342 riae
326 3285 535 3363 comparandae
577 3286 623 3343 17.
645 3286 777 3342 Vidimus
795 3292 874 3342 tuam
888 3284 1033 3342 victoriam
1048 3283 1214 3361 proeliorum

264 3366 341 3422 exitu
364 3365 557 3422 terminatam.
573 3364 716 3456 gladium
738 3364 841 3441 vagina
864 3382 986 3422 vacuum
1010 3363 1039 3419 in
1062 3364 1133 3419 urbe
1157 3381 1214 3420 non

216 3444 255 3499 to
263 3444 391 3501 vidimus
433 3444 511 3512 Quos
525 3444 668 3501 amisimus
682 3443 765 3509 cives
780 3462 829 3500 eos
843 3442 981 3500 Martis
956 3462 998 3499 vis
1013 3441 1141 3531 perculit,
1156 3461 1214 3498 non

262 3522 304 3580 ira
318 3522 449 3588 victoriae,
465 3529 498 3579 ut
521 3522 652 3580 dubitare
672 3522 777 3579 debeat
797 3541 880 3580 nemo
901 3522 968 3598 quin
981 3520 1128 3577 multos
1107 3539 1130 3577 s1
1154 3520 1213 3578 ιιοιι

263 3610 369 3692 posset,
349 3601 426 3660 t.C
443 3601 542 3658 Oaesar
564 3602 601 3659 ab
618 3601 712 3658 inferis
733 3601 876 3667 excitaret,
897 3600 1030 3678 quoniam
1053 3617 1089 3655 ex
1113 3599 1214 3656 eadem

263 3681 323 3739 acie
350 3687 505 3748 conservat,
533 3699 605 3757 quos
632 3687 761 3757 potest.
752 3680 906 3738 -Alterius
933 3698 1001 3736 vero
1029 3677 1117 3754 partis
1145 3679 1215 3736 nihil

263 3760 386 3840 amplius
407 3759 500 3820 dicam
513 3778 599 3838 quam
612 3759 651 3830 id,
666 3758 744 3838 quod
758 3777 854 3817 omnes
868 3759 1045 3827 verebamur,
1059 3756 1142 3815 nimis
1159 3756 1215 3816 ira
