2742 4384
356 329 414 370 rao
427 331 452 370 r.
467 329 563 370 sauro
577 328 699 379 moun,
714 329 781 370 car.
794 328 888 379 xxm,
901 329 1006 370 mm.
1139 314 1195 371 131

196 457 243 517 ille
256 459 334 517 omni
346 458 452 517 scelere
466 459 614 536 polluerat,
625 466 715 535 tuque
728 476 764 516 ex
779 466 828 516 tuo
842 457 919 516 edito
932 465 1037 525 monte,
1051 457 1145 516 Latia·

196 538 234 595 ris
247 545 344 595 sancte
357 538 376 596 J
377 538 500 615 uppiter,
522 537 604 615 cujus
623 537 772 604 illelmus,
794 555 909 595 nemora
925 537 1051 613 finesque
1065 555 1145 613 saepe

89 656 106 679 .
197 618 272 674 omni
285 617 392 674 nefario
406 624 506 693 stupro
519 624 549 674 ct
562 616 668 674 scelere
681 617 846 683 macularat,
861 615 1013 691 aliquando
1026 615 1064 673 ad
1078 634 1144 673 eum

197 695 372 772 puniendum
395 695 493 752 oculos
516 695 667 771 aperuisti;
698 695 778 751 vobis
801 695 866 761 illas,
891 695 971 752 vobis
994 702 1089 751 vestro
1115 694 1144 752 in

197 781 353 851 conspectu
365 793 446 840 serae,
461 773 513 831 sed
534 774 621 851 justae
640 780 738 830 tamen
751 779 781 830 et
800 773 906 831 debitae
930 792 1024 850 poenee
1042 772 1176 833 solutae

196 860 270 909 sunt.
314 859 360 910 86.
383 852 445 910 Nisi
458 852 530 909 forta
551 853 605 909 hoc
619 852 705 909 etiarn
719 870 787 909 casu
802 852 910 909 lactum
925 870 987 909 esse
1007 851 1142 919 dicemus,

165 980 169 984 r
195 931 230 987 ut
242 939 307 987 ante
321 932 416 1008 ipsum
429 931 581 988 sacrarium
597 931 685 987 Bonae
705 931 785 997 Deae,
806 930 884 1006 quod
902 936 947 987 est
965 930 1096 987 infundo
1110 931 1141 987 T.

196 1009 280 1067 Sestii
302 1010 386 1076 Galli,
407 1010 436 1067 in
456 1009 552 1087 primis
572 1009 683 1067 honesti
703 1016 733 1066 et
755 1009 846 1066 ornati
868 1008 1062 1075 adolescentis,
1077 1016 1143 1065 ante

195 1088 295 1165 ipsam,
307 1088 430 1164 inquam,
446 1088 555 1146 Bonam
575 1088 675 1154 Deam,
691 1107 781 1164 quum
801 1087 934 1166 proelium
948 1087 1141 1154 commisisset,

196 1167 320 1243 primum
341 1167 410 1225 illud
437 1167 540 1224 vulnus
563 1167 713 1244 acciperet,
736 1184 794 1242 quo
819 1167 994 1224 teterrimam
1020 1174 1141 1223 mortem
1158 1173 1194 1224 10

195 1245 294 1312 obiret,
309 1253 343 1302 ut
362 1265 418 1303 non
438 1246 585 1303 absolutus
597 1244 704 1321 judicio
723 1244 771 1301 illo
790 1245 897 1303 nefario
916 1245 1069 1311 videretur,
1090 1245 1142 1302 sed

195 1324 233 1380 ad
247 1325 320 1381 hanc
335 1325 473 1402 insignem
487 1341 603 1401 poenam
616 1331 784 1381 reservatus.

233 1403 356 1460 XXXII.
378 1403 440 1461 Nec
461 1421 528 1460 vero
548 1421 605 1459 non
617 1400 718 1459 eadem
737 1402 778 1459 ira
796 1400 914 1459 deorum
934 1401 1007 1460 hanc
1021 1403 1084 1480 ejus
1097 1422 1140 1460 sa·

194 1481 329 1540 tellitibus
349 1481 445 1559 injecit
465 1481 624 1548 amentiam,
646 1489 679 1536 ut
702 1480 762 1538 sine
781 1480 959 1559 imaginibus,
975 1481 1034 1539 sine
1055 1489 1142 1539 cantu

195 1567 281 1637 atque
293 1561 377 1627 ludia,
392 1562 450 1617 sine
464 1559 611 1636 exsequiis
625 1559 684 1616 sine
698 1558 835 1627 lamentis,
850 1559 909 1616 sine
923 1559 1139 1627 laudationibus,
1156 1567 1192 1620 15

195 1639 253 1696 sine
266 1640 374 1706 funere,
390 1639 494 1696 oblitus
508 1656 607 1696 cruore
627 1645 657 1694 et
679 1637 749 1705 luto,
764 1638 902 1714 spoliatus
922 1639 996 1696 illius
1016 1640 1140 1716 supremi

195 1718 249 1775 diei
263 1718 435 1784 celebritate,
447 1716 493 1775 cui
506 1717 607 1774 cedere
621 1715 706 1773 etiam
720 1716 822 1774 inimici
835 1716 934 1783 solent,
944 1718 1141 1775 ambureretur

195 1797 332 1874 abjectus.
387 1797 454 1854 Non
476 1795 563 1853 luisse
587 1795 673 1853 credo
696 1794 748 1860 fas,
773 1794 991 1852 clarissimorum
1017 1795 1140 1853 virorum

194 1876 300 1932 formas
313 1875 352 1932 illi
364 1874 509 1933 teterrimo
523 1873 671 1952 parricida
683 1872 789 1949 aliquid
803 1873 912 1931 decoris
926 1873 1034 1940 afferre,
1049 1893 1140 1949 neque

193 1954 252 2012 ullo
265 1955 294 2011 in
313 1955 377 2012 loco
390 1954 484 2032 potius
498 1960 619 2010 mortem
633 1952 696 2029 ejus
712 1952 838 2020 lacerari,
853 1970 939 2029 quam
953 1952 1052 2029 inquo
1066 1960 1141 2009 esset
1154 1958 1192 2009 20

193 2033 251 2090 vita
265 2033 407 2090 damnata.

235 2112 280 2169 87.
303 2112 391 2178 Dura,
402 2110 513 2168 medius
527 2109 618 2177 fidius,
629 2109 699 2166 mihi
710 2109 771 2187 jam
784 2109 898 2168 fortuna
908 2109 1006 2188 populi
1019 2110 1140 2168 Romani

194 2196 223 2246 et
247 2190 367 2248 crudelis
387 2190 544 2256 videbatur,
566 2208 632 2266 quae
656 2196 701 2247 tot
724 2207 811 2246 annos
831 2190 910 2247 illum
931 2189 959 2247 in
982 2189 1055 2247 hanc
1079 2208 1139 2246 rem

194 2268 337 2346 publicam
350 2268 485 2326 insultare
499 2274 651 2345 pateretur.
680 2267 827 2325 Polluerat
840 2275 940 2345 stupro
951 2268 1139 2325 sanctissimas

129 2345 141 2363 '
193 2347 350 2425 religiones,
366 2354 479 2405 senatus
499 2347 667 2425 gravissima
684 2345 800 2404 decreta
821 2347 1005 2425 perfregerat‚
1020 2347 1139 2425 pecunia
1154 2353 1190 2406 25

194 2445 224 2484 se
237 2446 255 2483 a
272 2427 416 2504 judicibus
436 2426 532 2503 palam
546 2425 714 2492 redemerat,
729 2432 846 2483 vexarat
858 2425 886 2482 in
900 2426 1046 2483 tribunatu
1059 2444 1138 2482 sena-

193 2511 264 2573 tum,
290 2506 415 2563 omnium
439 2505 569 2562 ordinum
593 2523 732 2562 consensu
758 2524 811 2582 pro
834 2505 925 2562 salute
948 2504 988 2562 rei
1015 2504 1137 2583 publicae

194 2592 276 2660 gesta
289 2585 450 2652 resciderat,
465 2603 511 2641 me
531 2583 622 2660 patria
642 2584 800 2661 expulerat,
814 2584 889 2642 bona
909 2583 1072 2661 diripuerat,
1087 2584 1137 2642 do·

193 2657 272 2719 mum
298 2662 469 2731 incenderat,
498 2663 610 2730 liberos,
638 2663 791 2740 conjugem
814 2682 908 2721 meam
932 2670 1056 2730 vexarat,
1085 2663 1136 2721 On.

193 2740 330 2819 Pompeio
342 2743 481 2800 nefarium
494 2741 601 2800 bellum
613 2741 762 2809 indixerat,
776 2743 995 2820 magistratuum
1016 2743 1137 2819 privato-
1152 2747 1190 2799 30

193 2839 312 2897 rumque
337 2821 432 2880 caedes
455 2820 596 2888 effecerat,
624 2820 742 2878 domum
768 2821 824 2878 mei
850 2821 944 2878 fratris
965 2821 1136 2888 incenderat,

193 2907 318 2958 vastarat
341 2900 491 2967 Etruriam,
519 2899 625 2957 multos
652 2900 769 2958 sedibus
796 2919 830 2958 ac
856 2899 976 2957 fortunis
999 2899 1137 2977 ejecerat;

193 2977 325 3046 instabat,
349 2981 488 3057 urgebat3
519 2997 621 3056 capere
647 2979 710 3056 ejus
736 2979 889 3036 amentiam
912 2978 1017 3046 civitas,
1046 2978 1136 3045 ltalia,

194 3057 353 3134 provinciae,
377 3077 467 3137 regna
493 3076 550 3115 non
577 3063 725 3134 poterant;
755 3057 951 3116 incidebantur
974 3058 1035 3135 jam
1061 3056 1138 3114 domi

193 3135 280 3214 loges,
296 3155 362 3213 quae
380 3156 432 3195 nos
446 3137 533 3194 servis
552 3135 654 3193 nostris
668 3135 850 3203 addicerent;
870 3136 939 3194 nihil
961 3143 1023 3194 erat
1042 3136 1136 3213 cujus·
1151 3141 1188 3193 35

193 3233 287 3290 quam,
310 3215 387 3292 quod
411 3217 525 3292 quidem
549 3214 596 3272 ille
617 3215 787 3282 adamasset,
809 3215 887 3291 quod
911 3234 967 3272 non
990 3216 1045 3273 hoc
1063 3233 1137 3272 anno

193 3312 276 3350 suum
290 3295 350 3351 fore
365 3302 486 3371 putaret.
529 3301 576 3352 88.
598 3293 741 3351 Obstabat
753 3294 816 3371 ejus
827 3293 1043 3371 cogitationibus
1053 3313 1137 3351 nemo

193 3381 300 3449 praeter
313 3373 455 3431 Milonem.
497 3373 583 3430 Illum
602 3372 706 3450 ipsum,
727 3372 776 3448 qui
796 3380 909 3449 poterat
928 3373 1049 3440 obstare,
1063 3392 1137 3431 novo

191 3450 285 3507 reditu
307 3451 335 3508 in
359 3453 481 3531 gratiam
501 3452 581 3529 quasi
601 3451 764 3509 devinctum
777 3451 983 3519 arbitrabatur;
1016 3451 1136 3509 Caesaris

192 3530 348 3607 potentiam
358 3550 439 3588 suam
449 3548 511 3588 esse
522 3530 654 3598 dicebat3
674 3530 814 3591 bonorum
827 3530 935 3588 animos
948 3529 977 3588 in
990 3548 1054 3589 meo
1068 3550 1137 3588 casu
1150 3531 1188 3584 40

192 3616 417 3686 contempserat3
437 3610 506 3667 Milo
519 3628 593 3666 unus
606 3609 736 3687 urgebat.

229 3688 369 3746 XXXIII.
391 3687 446 3746 Hic
463 3689 501 3746 dii
521 3688 703 3754 immortales,
718 3695 752 3745 ut
771 3708 858 3766 supra
872 3687 1077 3754 dirimentem
1097 3687 1137 3745 illi

191 3768 303 3846 perdito
316 3786 351 3824 ao
364 3766 470 3824 furioso
483 3765 632 3833 dederunt,
647 3774 679 3823 ut
693 3767 758 3824 huic
772 3768 879 3825 faceret
892 3766 1013 3824 insidias.
1044 3766 1137 3824 Aliter

190 3846 281 3924 perire
304 3845 393 3924 pestis
416 3846 465 3904 illa
483 3864 541 3903 non
560 3846 669 3922 potuit;
694 3864 838 3923 nunquam
857 3845 938 3902 illum
957 3863 1003 3901 res
1023 3843 1138 3922 publica
