2742 4384
180 339 237 393 188
355 350 465 392 vcalmo
480 351 537 390 ruo
552 352 576 391 r.
591 349 685 389 Arum
700 350 821 398 umens,
837 349 903 388 car.
918 349 1041 387 mum.

231 487 283 547 ret,
299 480 349 538 sed
374 480 458 538 ctiam
480 486 594 556 praetor,
610 479 716 545 consul,
732 479 854 536 dictator
873 487 948 535 essct
972 478 1074 554 potius,
1090 496 1176 553 quam

231 560 285 617 hoc
300 559 494 634 spectaculum
506 558 646 623 viderem!
684 564 748 615 104.
771 558 796 615 Ο
811 557 849 615 dii
864 557 1052 614 immortales!
1073 556 1176 612 fortem

231 646 260 695 et
273 657 291 694 a
304 638 392 704 vobis,
410 637 529 716 judices,
545 636 769 694 conservandum
783 635 888 694 virum!
932 644 949 668 “
957 636 1081 703 Minime,
1096 634 1174 691 mini-

230 717 407 792 me‚,inq11it.
459 716 551 772 Immo
575 735 642 773 vero
665 734 766 792 poenas
789 715 836 772 ille
859 714 970 772 debitas
994 715 1093 781 luerit;
1124 733 1198 770 uos·

198 798 391 862 tsubeamus,
416 794 440 851 si
462 793 502 850 ita
525 813 639 852 neccsse
660 800 711 861 est,
736 813 794 850 nou
817 792 956 851 debitas.’'
997 793 1114 851 Hiccine
1134 792 1176 849 vir

230 874 329 950 patriae
344 880 428 930 natus
448 891 569 949 usquam
589 873 641 929 nisi
662 872 690 930 iu
711 873 802 950 patria
814 873 957 939 morietur,
972 878 1031 939 aut,
1047 872 1070 929 si
1092 872 1174 938 forte,

229 971 282 1029 pro
296 953 409 1028 patria?
431 952 517 1028 hujus
527 970 577 1008 vos
588 951 672 1008 animi
684 959 868 1008 monumenta
875 951 1038 1018 retinebitis,
1050 950 1175 1025 corporis

228 1031 257 1086 in
278 1031 360 1088 ltalia
373 1031 482 1087 nullum
497 1030 659 1106 sepulcrum
672 1048 735 1087 esse
756 1030 921 1106 patiemini?
942 1030 1018 1087 hunc
1032 1048 1084 1086 sua
1099 1028 1173 1104 quis-

229 1122 315 1185 quam
335 1110 473 1166 sententia
494 1127 529 1165 ex
549 1109 602 1165 hac
622 1111 693 1166 urbe
713 1109 846 1184 expellet,
867 1127 952 1184 quem
973 1127 1071 1164 omnes
1089 1108 1175 1164 urbes

178 1195 215 1248 10
229 1188 378 1264 expulsum
399 1188 509 1245 avobis
523 1188 560 1244 ad
584 1206 614 1244 se
628 1188 793 1244 vocabunt?
837 1194 901 1247 105.
924 1186 948 1243 Ο
970 1195 1074 1243 tanam
1097 1186 1174 1243 illam

229 1268 351 1333 beatam,
377 1286 442 1343 quae
468 1266 544 1323 hunc
567 1266 658 1322 virum
686 1266 844 1342 exceperit3
875 1266 949 1323 hanc
975 1266 1125 1343 ingratam,
1150 1265 1174 1322 si

210 1413 212 1416 y
228 1346 351 1422 ejecerit,
366 1346 506 1411 miseram,
521 1345 544 1401 si
564 1344 703 1401 amiserit!
744 1344 803 1401 Sed
822 1344 885 1401 finis
898 1345 942 1401 sit.
984 1345 1086 1420 Neque
1100 1344 1173 1400 euim

201 1468 205 1477 .
228 1442 288 1500 prae
304 1423 424 1481 lacrimis
446 1423 507 1500 jam
520 1424 598 1499 loqui
616 1441 741 1500 possum,
756 1429 785 1479 et
809 1423 854 1480 hic
868 1442 898 1479 se
918 1422 1039 1479 lacrimis
1060 1423 1174 1479 defendi

227 1511 313 1559 vetat.
355 1503 415 1559 Vos
436 1521 485 1559 oro
510 1503 700 1579 obtestorque,
723 1502 841 1578 judices,
863 1510 896 1558 ut
918 1502 946 1558 iu
969 1502 1113 1558 sententiis
1133 1502 1173 1558 fc-

177 1588 213 1642 15
228 1581 329 1647 randis,
358 1582 435 1657 quod
463 1581 596 1646 sentietis,
624 1580 653 1636 id
677 1579 813 1637 audeatis.
868 1580 1002 1637 Vestram
1029 1581 1172 1648 virtutem,

226 1660 374 1736 justitiam,
395 1660 491 1726 fidem,
506 1659 575 1717 mihi
594 1658 709 1725 credite,
734 1659 757 1715 is
773 1658 895 1716 maxime
916 1659 1054 1735 probabit,
1076 1658 1125 1733 qui
1145 1658 1173 1715 iu

226 1740 369 1816 judicibus
383 1738 511 1816 legendis
520 1736 658 1815 optimum
667 1745 697 1795 et
705 1737 942 1816 sapientissimum
952 1746 981 1795 et
990 1737 1174 1799 senissimum

227 1836 369 1895 quemque
385 1817 501 1895 delegit.

616 2052 720 2152 gxi
