2742 4384
194 280 233 338 42
363 283 366 292 '
627 291 735 333 oaamo
755 292 795 334 1v.

243 423 376 482 obtinebo
400 441 462 482 eam
486 422 578 479 multo
597 421 731 483 leniorem
751 422 846 480 fuisse.
888 422 1076 500 Quamquam,
1090 422 1192 481 Patres

243 502 402 579 conscripti,
430 520 495 578 quae
522 508 617 578 potest
644 520 707 558 esse
733 502 761 558 in
787 501 859 558 tanti
886 501 998 559 sceleris
1018 501 1192 559 immanitate

263 581 386 639 unienda
412 580 586 638 crudelitas?
635 580 698 656 Ego
726 579 799 637 enim
827 580 863 637 de
890 599 955 638 meo
977 599 1063 638 sensu
1083 580 1189 657 judico.

242 601 318 720 llam
339 660 379 717 ita
392 660 460 717 mihi
474 659 552 716 salva
574 676 605 715 rc
630 659 743 736 publica
756 659 902 717 vobiscum
925 660 1032 735 perfrui
1052 658 1142 726 liceat,
1157 664 1191 716 ut

213 745 305 817 tego,
321 738 398 814 quod
422 739 450 794 in
474 739 528 795 hac
548 755 634 795 causa
653 738 844 797 vehementior
866 757 938 804 sum,
963 740 1020 795 non
1043 738 1190 796 atrocitate

241 819 326 875 animi
348 836 472 883 moveor,
498 813 573 893 (quis
595 816 669 872 enim
692 823 737 872 est
760 834 806 873 me
829 816 922 873 mitior
930 815 957 893 t)
982 816 1034 874 sed
1056 817 1190 894 singulari

241 897 364 973 quadam
389 897 564 953 humanitate
588 902 617 952 et
641 894 837 953 misericordia.
892 895 1000 953 Videor
1023 895 1098 952 enim
1121 895 1189 953 mihi

240 976 337 1033 videre
363 976 436 1033 hano
463 976 578 1045 urbem,
601 973 693 1030 lucem
721 973 795 1030 orbis
816 982 954 1030 terrarum
982 981 1068 1049 atque
1095 992 1189 1031 arcem

241 1056 366 1111 omnium
385 1053 521 1132 gentium,
537 1053 632 1109 subito
653 1070 709 1108 uno
729 1052 857 1109 incendio
872 1052 1084 1120 concidentem;
1105 1070 1189 1111 cerno

193 1136 230 1189 10
241 1133 334 1190 animo
348 1134 489 1209 sepultam
511 1131 640 1207 patriam,
654 1131 771 1187 miseros
785 1139 871 1206 atque
894 1131 1049 1207 insepultos
1073 1150 1188 1189 acervos

241 1211 358 1277 civium3
387 1219 515 1268 versatur
538 1210 606 1266 mihi
630 1217 698 1266 ante
718 1209 814 1267 oculos
837 1209 990 1286 adspectus
1015 1209 1136 1287 Cethegi
1159 1216 1189 1267 et

141 1326 148 1339 ·
195 1292 217 1374 q
240 1290 319 1347 furor
339 1284 485 1346 in‘vestra
507 1288 587 1346 caede
612 1286 822 1350 bacchantia&
840 1295 885 1346 12.
915 1288 1010 1357 Quum
1032 1308 1100 1346 vero
1121 1287 1189 1346 mihi

241 1367 376 1445 proposui
395 1374 560 1446 regnantem
581 1366 741 1432 Lentulum,
757 1367 830 1424 sicut
849 1368 910 1443 ipse
931 1385 962 1424 se
976 1385 1011 1424 ex
1034 1367 1100 1425 fatis
1124 1385 1187 1444 spe·

241 1465 317 1503 rasse
332 1446 476 1504 consessus
497 1454 548 1511 est,
563 1453 751 1522 purpuratum
766 1464 827 1503 esse
851 1447 916 1504 huic
940 1446 1099 1512 Gabinium,
1123 1465 1188 1503 cum

112 1538 115 1545 ’
193 1526 366 1583 ltexercitu
387 1525 496 1582 venisse
524 1524 680 1590 Catilinam,
709 1532 771 1583 tum
799 1522 1035 1582 lamentationem
1052 1532 1188 1582 matrum·

240 1603 367 1671 familias,
377 1612 438 1661 tum
451 1602 697 1681 fugamvirgiuum
706 1611 791 1679 atque
806 1622 957 1680 puerorum
971 1622 1004 1660 ac
1013 1603 1189 1661 vexationem

240 1682 379 1760 virginum
393 1682 553 1739 Vestalium
569 1681 769 1758 perhorresco:
791 1691 828 1748 et,
843 1682 905 1758 quia
925 1681 993 1739 mihi
1007 1682 1189 1740 vehementer

240 1760 302 1818 haic
317 1762 447 1821 videntur
461 1761 562 1818 misera
575 1770 661 1836 atque
675 1760 842 1828 miseranda,
857 1760 962 1839 idcirco
978 1761 1077 1827 ineos,
1092 1761 1141 1837 qui
1154 1779 1189 1818 ea
1236 1792 1237 1795 ¹

241 1841 375 1916 perficere
389 1841 545 1906 volucrunt,
560 1859 606 1897 me
624 1846 753 1896 'severum
768 1840 1022 1917 vehementemque
1043 1841 1186 1915 praebeb0.

191 1921 230 1975 20
240 1919 352 1976 Etenim
376 1938 481 1997 quaero,
505 1919 528 1976 si
552 1919 615 1996 quis
639 1918 841 1994 paterfamihas
864 1917 957 1976 liberis
984 1919 1042 1975 suis
1064 1937 1082 1974 a
1106 1937 1189 1976 servo

239 1998 401 2064 interiectis,
417 2017 503 2054 uxore
517 1999 616 2064 occisa,
631 1997 745 2069 incensa
763 1997 848 2054 domo
862 1996 1031 2074 supphoium
1050 1996 1188 2055 deservis

152 2102 155 2111 «
240 2095 325 2153 quam
339 2077 549 2135 acerbissimum
563 2076 834 2152 sumpserit,:utrum
859 2075 881 2132 is
902 2077 1025 2137 clemens
1045 2093 1079 2132 ac
1103 2076 1186 2132 mise-

240 2156 334 2221 ricors
349 2175 385 2212 an
405 2155 650 2213 inhumanissimus
670 2162 700 2210 et
725 2154 932 2211 crudelissimus
954 2172 1016 2211 esse
1036 2148 1197 2217 videaturli

240 2232 309 2290 Mihi
322 2253 389 2292 vero
402 2235 579 2312 importunus
593 2252 626 2290 ac
639 2233 756 2299 ferreus,
771 2234 820 2309 qui
833 2251 888 2289 non
903 2232 999 2290 dolore
1012 2252 1046 2290 ae
1060 2234 1188 2291 cruciatu

191 2313 365 2370 25nocentis
379 2333 461 2370 suum
477 2312 602 2369 dolorem
623 2312 835 2388 cruciatumque
857 2310 972 2368 lenierit.
1014 2311 1061 2368 Sic
1084 2331 1136 2368 nos
1158 2312 1187 2368 in

239 2390 283 2447 his
304 2392 470 2456 hominibus,
492 2391 540 2466 qui
564 2410 622 2456 nos,
638 2390 686 2465 qui
711 2391 855 2467 conjuges,
880 2389 929 2466 qui
950 2388 1052 2447 liberos
1074 2400 1198 2455 nostros.

240 2470 381 2527 trucidare
402 2470 557 2536 voluerunt,
580 2470 627 2545 qui
651 2468 775 2545 singulas
796 2469 877 2529 unius
900 2469 1037 2545 cujusque
1058 2478 1186 2526 nostrum

240 2547 339 2605 domos
366 2555 395 2604 et
418 2548 472 2604 hoo
500 2548 657 2604 universum
684 2548 723 2603 rei
745 2547 866 2624 publicae
890 2547 1063 2605 domicilium
1091 2547 1186 2607 delere

240 2627 334 2684 conati
361 2634 434 2692 sunt,
463 2626 511 2701 qui
537 2626 566 2682 id
594 2633 721 2702 egerunt,
751 2634 783 2682 ut
807 2635 922 2702 gentem
943 2626 1133 2703 Allobrogum
1157 2626 1187 2683 in

191 2709 229 2760 80
240 2705 364 2782 vestigiis
378 2705 463 2781 hujus
477 2704 553 2761 urbis
566 2713 652 2779 atque
671 2704 700 2760 in
714 2705 805 2761 cinere
819 2704 966 2781 deflagrati
979 2705 1086 2780 imperii
1100 2704 1184 2761 collo-

240 2793 344 2850 carent,
356 2783 379 2840 si
387 2783 623 2840 vehementissimi
637 2782 780 2859 fuerimqs,
796 2782 988 2841 misericordes
1002 2783 1185 2850 habebimur;

240 2862 282 2918 sin
295 2862 465 2919 remissiores
487 2880 550 2919 esse
570 2861 749 2928 voluerimus,
764 2881 883 2919 summae
908 2862 988 2919 nobis
1013 2861 1186 2919 crudelitatis

193 2964 196 2973 ’
239 2939 380 3017 inpetrioe
394 2940 551 3015 civiumque
572 2939 693 3017 pernicie
715 2940 790 3001 fama
803 2939 951 2997 subeunda
959 2947 1013 2998 est.
1057 2947 1102 2997 13.
1125 2940 1186 2999 Nisi

152 3014 156 3023 '
191 3040 198 3053 κ
239 3016 307 3075 vere
321 3018 442 3095 cuipiam
462 3019 494 3076 L.
511 3018 614 3084 Caesar,
630 3018 671 3074 vir
690 3019 857 3075 fortissimus
871 3028 900 3076 et
924 3018 1131 3076 amantissimus
1145 3019 1186 3077 rei

190 3099 228 3153 at
240 3097 372 3173 publicae,
397 3097 536 3154 crudelior
562 3097 766 3154 nudiustertius
788 3097 863 3154 visus
891 3105 943 3164 est,
968 3117 1056 3173 quum
1083 3098 1186 3154 sororis

239 3194 310 3241 suae,
332 3175 445 3233 feminae
470 3175 636 3241 lectissimae,
660 3176 753 3232 virum
780 3184 948 3252 praescntem
969 3184 998 3233 et
1024 3176 1186 3233 audientem

239 3254 297 3311 vita
311 3253 477 3330 privandum
498 3274 559 3312 esse
572 3254 650 3320 dixit,
665 3273 753 3329 quum
767 3273 851 3311 avum
869 3255 952 3331 jussu
966 3254 1087 3313 consulis
1101 3254 1185 3312 inter·
1239 3270 1243 3273 ·

239 3331 345 3389 fectum
360 3332 501 3409 filiumque
515 3333 577 3410 ejus
591 3332 774 3408 impuberem,
790 3334 916 3410 legatum
929 3351 946 3388 a
965 3342 1046 3423 patre
1059 3333 1184 3401 missum

239 3409 267 3466 in
281 3428 392 3467 carcere
406 3419 536 3469 necatum
547 3430 609 3469 esse
623 3410 701 3467 dixit.
723 3410 850 3478 Quorum
864 3411 941 3485 quod
955 3412 1044 3469 simile
1053 3411 1183 3469 lactum?

190 3492 229 3545 40
239 3487 317 3564 quod
340 3488 439 3546 initum
459 3489 588 3547 delendae
612 3488 652 3544 rei
674 3487 797 3563 publieae
811 3490 976 3545 consilium?
1018 3490 1186 3567 Largitiouis

239 3566 369 3623 voluntas
383 3574 444 3624 tum
465 3567 493 3623 in
507 3586 537 3623 re
552 3566 664 3642 publica
677 3572 791 3621 versata
811 3573 855 3621 est
873 3576 902 3621 et
916 3566 1039 3642 partium
1052 3567 1185 3642 quaedam

239 3644 389 3702 contentio.
430 3645 528 3720 Atque
542 3644 589 3700 illo
607 3652 734 3719 tempore
748 3642 834 3718 hujus
848 3661 918 3699 avus
932 3642 1051 3708 Lentuli,
1066 3644 1184 3703 clarissi-

238 3741 303 3781 mus
324 3722 374 3789 vir,
396 3731 522 3779 armatus
550 3720 713 3778 Gracchum
737 3727 780 3776 est
808 3728 990 3796 persecutus:
1024 3720 1072 3778 ille
1098 3723 1185 3783 etiam

238 3819 325 3880 grave
348 3807 412 3860 tum
424 3800 526 3858 vulnus
549 3797 667 3876 accepit,
681 3815 717 3856 ne
737 3797 806 3874 quid
829 3798 866 3857 de
886 3817 998 3857 summa
1016 3816 1048 3858 re
1070 3801 1187 3879 pubhca
