2742 4384
432 220 490 261 rao
505 219 579 259 unas
591 220 726 269 uanum,
741 219 808 261 cnr.
823 219 875 261 vn.
974 174 987 197 Ι
1137 208 1173 267 ει

175 357 239 409 tum
252 350 456 408 detrimentum
478 349 631 425 accipitur;
651 358 681 406 at
701 336 731 407 in
748 350 931 445 vectigalibus
955 372 1010 411 non
1035 353 1126 411 solum

174 430 315 486 adventus
337 429 413 495 mali,
437 429 489 485 sed
512 430 597 485 etiam
621 440 714 486 metus
739 429 799 505 ipse
823 431 904 486 atlert
926 433 1125 491 calamitatem.

175 508 251 564 Nam
278 527 368 583 quum
395 509 520 565 hostium
545 508 634 584 copiae
662 527 717 565 uon
740 507 824 585 longe
851 510 962 575 absunt,
991 513 1075 569 etiarn
1103 511 1126 569 si

174 587 294 663 irruptio
317 586 396 643 nulla
418 587 495 643 fucta
518 594 570 652 est,
598 597 693 643 tamen
708 584 808 664 ‘pecua
836 587 1037 664 relinquuntur,
1066 592 1125 669 agri

175 667 288 723 cultura
312 666 462 731 deseritur,
474 668 671 722 mercatorum
696 665 837 743 nauigatio
859 668 1038 742 conquiescit.
1082 671 1154 727 ltab

174 763 268 820 neque
281 752 425 820 ex—portu
438 742 578 820 neque‘ex
592 743 720 801 decumis
733 748 872 819 neque‘en
886 746 1124 822 scriptura'vecti·
1142 738 1149 793 ι’

174 824 224 900 gal
244 823 402 880 conservari
417 832 527 899 potest;
547 840 634 900 quare
653 841 730 899 supe
752 823 838 880 totius
858 825 921 881 unni
946 826 1056 883 tructus
1070 846 1125 885 uuo

139 952 145 961 .
175 921 288 958 rumore
304 902 420 977 periculi
433 910 519 977 atque
533 920 589 958 uno
603 901 667 959 belli
682 912 789 959 terrore
802 902 949 960 amittitur.
995 910 1039 962 16.
1061 908 1125 974 Quo

174 980 291 1037 tandtnn
306 980 393 1057 igitur
406 981 501 1037 animo
521 998 582 1037 esse
595 980 759 1037 existimatis
773 989 823 1037 aut
843 1000 901 1047 eos,
916 978 1125 1060 quibectignlia

78 1064 131 1137 jin:
174 1060 255 1117 nobis
270 1059 423 1135 pensitant,
441 1066 493 1116 aut
506 1058 626 1135 eos,⁷qui
645 1069 777 1117 exercent
797 1069 883 1136 atque
897 1062 1022 1137 exigunt,
1037 1082 1124 1139 quum
1136 1064 1174 1120 10

174 1138 233 1195 duo
247 1157 331 1215 reges
345 1156 412 1193 cum
432 1137 559 1203 maximis
573 1136 660 1213 copiis
685 1148 802 1216 propter
821 1138 936 1196 adsint?
961 1160 1049 1216 quum
1069 1160 1124 1199 uua

175 1217 305 1274 excursio
329 1216 473 1292 equitatus
500 1216 630 1293 perbrevi
657 1226 784 1293 tempore
812 1219 898 1275 totius
918 1220 981 1275 anni
1002 1220 1123 1297 vectigal

174 1296 285 1352 auferre
299 1295 390 1371 possit
399 1288 522 1370 ‘dquam
547 1295 688 1371 publicani
708 1295 826 1353 familias
840 1298 984 1363 maximas,
1005 1317 1076 1375 quas
1097 1300 1124 1356 in

174 1375 269 1443 salinis
282 1375 399 1439 habent,
414 1392 486 1450 quas
505 1373 533 1430 in
546 1375 629 1451 agris,
644 1393 714 1450 quas
734 1374 761 1431 iu
777 1376 915 1452 portubus
929 1385 1015 1452 atque
1030 1388 1122 1434 custo

174 1452 237 1519 diis,
251 1472 358 1531 magno
373 1452 543 1528 periculose
560 1454 664 1511 habere
678 1455 870 1512 arbitrentur?
910 1455 1058 1513 Putatisne
1073 1476 1123 1514 vos
1136 1460 1172 1515 15

155 1526 226 1589 ‘illis
240 1534 326 1589 rebus
339 1532 395 1588 frui
409 1550 502 1608 posse,
516 1531 567 1588 nisi
581 1530 698 1609 eosl‘qui
714 1533 792 1590 vobis
804 1533 909 1593 fructui
923 1546 997 1599 sunt,
1012 1554 1122 1592 consa·

173 1612 277 1677 varius,
306 1630 364 1668 non
390 1610 483 1666 solum
511 1608 557 1687 (ut
582 1618 648 1669 ante
676 1611 746 1690 dixi)
772 1612 939 1679 cua-ima,
964 1614 1015 1671 sed
1039 1615 1124 1672 etiam

173 1690 343 1795 cpiamitatis
357 1688 506 1746 formidine
519 1689 651 1748 liberatos
660 1689 691 1747 ‘l‘
1194 1704 1241 1777 ‚23-

85 1722 174 1841 ff}
213 1769 283 1845 ΥΠ.
329 1771 374 1827 17.
403 1767 449 1825 Ac
470 1786 505 1824 ne
526 1767 596 1825 illud
618 1770 733 1845 quidem
752 1770 832 1827 vobis
849 1770 1050 1848 negligendum
1071 1779 1122 1837 est,

173 1848 251 1923 quud
264 1848 334 1907 mihi
348 1866 404 1925 ego
409 1853 573 1905 *extremum
586 1844 899 1925 proposueraquuum
908 1868 1000 1905 wem
1011 1848 1047 1905 de
1059 1850 1124 1907 belli
1134 1852 1173 1907 20

173 1945 277 2003 genere
287 1926 426 1992 dictamus,
436 1924 514 2002 quod
523 1926 560 1983 ad
573 1926 726 1984 multorum
738 1926 811 1985 bona
819 1928 921 1985 civium
932 1928 1124 1986 Romanorum

173 1992 457 2081 pertinetffiluorum
470 2005 550 2063 vobis
571 2014 730 2081 prunestre
748 2007 896 2083 sapientia,
918 2006 1050 2075 Quirites,
1074 2007 1122 2063 ha-

135 2104 140 2115 ¹
173 2083 268 2141 beuda
294 2092 340 2141 est
361 2083 436 2141 ratio
457 2083 612 2160 diligenter.
639 2084 739 2142 *Nam
765 2094 795 2142 et
822 2085 1123 2162 publicaui,¹homines

172 2162 365 2220 honestissimi
378 2155 475 2238 ‘atque
497 2158 764 2229 ornatissimi,*suas
787 2164 910 2235 ratiques
923 2172 953 2221 et
976 2164 1072 2241 copias
1096 2166 1123 2222 in

172 2240 250 2298 illam
264 2241 438 2318 provinciam
453 2241 646 2308 contulerunt3
668 2260 790 2318 quorum
804 2243 929 2319 ipsorum
954 2262 1004 2320 per
1024 2262 1055 2299 se
1078 2263 1122 2300 res
1134 2246 1172 2302 tt

173 2328 202 2378 et
225 2321 349 2378 fomunae
363 2320 443 2377 vobis
459 2338 539 2382 curae
559 2338 620 2378 esse
644 2321 758 2385 debant.
799 2322 911 2379 Etenim
935 2322 958 2379 si
976 2318 1139 2400 vectigalias

153 2392 347 2457 ⁷nervosesse
360 2399 400 2455 rei
413 2398 535 2476 publicae
545 2417 658 2477 semper
672 2399 813 2468 duximus,
822 2420 888 2458 eum
897 2410 973 2458 certe
987 2401 1122 2468 ordinem,

172 2480 221 2555 qui
238 2486 355 2536 exercet
367 2478 423 2544 illa,
438 2478 645 2535 firmamentum
655 2488 814 2536 ceterorum
829 2479 958 2537 ordinum
972 2488 1047 2537 recte
1060 2499 1123 2538 esse

174 2557 313 2616 dicemus.
357 2564 403 2614 18.
435 2556 544 2613 Deinde
565 2575 600 2614 en
624 2557 723 2615 ceteris
744 2557 887 2615 ordinibus
912 2559 1037 2616 homines
1059 2559 1122 2619 nari

173 2644 259 2712 atque
273 2635 405 2693 industrii
426 2634 529 2711 partim
548 2635 601 2713 ipsi
621 2637 650 2694 in
667 2636 941 2714 Asidnegotiautur,
956 2639 1058 2716 quibus
1073 2656 1122 2694 vos
1134 2640 1173 2694 80

173 2714 341 2772 absentibus
356 2714 503 2772 consulere
518 2713 636 2783 debetis,
652 2716 755 2791 partim
769 2734 866 2773 eorum
886 2717 961 2774 inea
982 2716 1124 2793 provincia

174 2793 309 2870 pecunias
322 2812 442 2871 magnas
457 2792 608 2851 collocatus
622 2795 737 2852 habent.
778 2794 830 2852 Es't
843 2795 928 2873 igitur
941 2794 1123 2852 humanitatis

174 2874 278 2929 veitrae
293 2891 431 2950 magnum
451 2890 599 2935 numerum
612 2891 711 2931 eorum
725 2873 826 2930 civium
850 2874 1009 2931 calamitate
1018 2873 1123 2951 'prohi-

174 2951 249 3018 bere,
265 2937 538 3028 sapientiaefvidere
558 2951 712 3008 multorum
734 2952 834 3009 civium
849 2952 1037 3011 calamitatem
1050 2962 1079 3007 a
1093 2970 1123 3008 re

69 3093 82 3101 .
175 3030 290 3106 publica
310 3030 470 3106 sejunctam
484 3047 546 3086 esse
566 3049 621 3087 nou
642 3048 733 3107 posse.
754 3028 885 3088 <Etenim
909 3031 1031 3107 primum
1052 3029 1123 3087 illud
1135 3034 1172 3088 35

14 3104 21 3111 ’
55 3130 118 3150 -ν
127 3081 254 3199 (⁸pagvi
267 3109 363 3175 refert,
378 3126 430 3164 nos
444 3107 600 3183 publicanis
614 3109 722 3166 amissis
735 3110 883 3187 vectigalia
897 3118 996 3186 postea
1009 3108 1124 3166 victoria

175 3205 358 3267 recuperare:
394 3205 486 3262 neque
513 3188 586 3244 enim
616 3187 715 3244 iisdem
743 3184 898 3245 redimendi
926 3187 1045 3243 facultas
1072 3186 1124 3243 erit

178 3273 293 3341 propter
307 3264 507 3330 calamitatem,
522 3284 612 3341 neque
626 3265 686 3322 aliis
700 3266 829 3323 voluntas
850 3274 966 3343 propter
986 3266 1123 3343 timorem,

179 3350 222 3400 19.
244 3344 355 3401 Deinde
376 3343 457 3419 quod
477 3362 527 3400 nos
542 3345 641 3402 eadem
655 3344 726 3401 Asia
739 3353 824 3423 atque
848 3345 922 3400 idem
943 3344 996 3401 iste
1016 3340 1125 3400 Mithri-

177 3421 257 3479 dates
276 3423 355 3480 initio
370 3421 438 3478 belli
451 3421 568 3479 Asiatici
582 3423 686 3488 docuit,
701 3433 778 3480 certe
796 3422 825 3479 id
839 3422 952 3499 quidem
967 3421 1124 3479 calamitate
1135 3420 1174 3477 40

177 3500 251 3557 docti
264 3500 404 3558 memoria
418 3500 537 3557 retinere
552 3501 707 3558 debemus}
728 3520 793 3556 nam
813 3510 884 3566 tum,
899 3520 987 3577 quum
1007 3501 1035 3557 in
1055 3499 1126 3556 Asia

158 3582 221 3635 bres
243 3597 365 3658 magnas
394 3578 527 3654 permulti
548 3570 839 3645 arriseruntffscimus,
865 3580 965 3636 Romae
987 3577 1134 3639 solutione.

176 3655 311 3734 impedita
325 3657 590 3737 fidem,coucidiss9.
632 3658 698 3714 Non
718 3657 790 3714 enim
805 3666 924 3734 possunt
943 3676 1000 3714 una
1019 3657 1047 3711 in
1061 3655 1125 3712 civi·

177 3740 236 3793 tate
245 3726 405 3795 mulb‘iem
419 3742 506 3811 atque
519 3736 645 3794 fortunas
659 3736 841 3804 amitterent
854 3754 911 3793 non
923 3735 1020 3813 pluras
1029 3749 1127 3790 secum

172 3883 223 3919 ἦν·
312 3898 317 3903 ·

222 3922 260 3939 Ἣ,
398 3918 419 3929 '¹'

204 3944 224 3955 'l
