2742 4384
367 279 428 321 rso
442 279 691 330 noanneane,
705 279 774 322 cnr.
788 278 895 329 vnvm
1118 266 1159 323 80

193 408 247 469 v1.
282 415 328 469 16.
349 410 402 478 At,
418 409 513 478 credo,
528 410 593 469 haec
613 410 700 468 homo
713 409 887 469 inconsultus
900 418 930 469 et
943 409 1109 469 uniendus

153 509 210 549 non
233 490 471 560 videbat-Quis
495 489 697 548 consideratior
720 489 792 548 illo?
818 490 881 567 quis
902 489 1025 548 tectior?
1045 489 1109 566 quis

153 569 344 647 prudentior?
365 587 539 647 quamquam
553 571 607 627 hoc
621 569 685 627 loco
705 568 870 627 Deiotarum
885 588 941 627 non
955 578 1014 626 tam
1028 568 1104 647 inge·
1146 562 1153 581 '

151 648 197 706 nio
210 656 241 707 et
266 648 418 726 prudentia
431 666 519 725 qnam
539 647 596 706 fide
609 656 639 705 ct
660 648 794 726 religione
808 648 874 706 vitae
893 647 1106 707 defendendum

151 736 231 805 puto.
267 727 346 784 Nota
359 727 411 786 tibi
424 736 469 786 est
479 727 599 785 hominis
613 727 748 805 probitas,
764 727 797 785 0.
813 727 918 793 Cesar,
932 727 992 784 noti
1005 738 1136 794 moreat

150 815 218 864 nota
233 807 402 864 constantia
444 806 499 864 eui
520 826 614 884 porro,
629 806 678 884 qui
699 805 784 864 modo
804 806 901 885 populi
917 806 1036 864 Romani
1057 826 1105 865 no

151 904 218 942 men
243 885 362 953 audivit,
376 886 503 943 Deiotari
516 885 672 965 integritas,
686 884 819 965 gravitas,
835 886 931 951 ditus,
957 885 1027 943 tides
1051 904 1106 943 non

149 964 250 1021 audita
264 966 329 1021 est?
371 965 457 1034 Quod
477 964 563 1043 igitur
584 965 694 1023 fucinum
717 984 769 1023 nec
789 965 817 1022 in
837 964 979 1023 hominem
1000 964 1105 1042 impru-

150 1041 269 1101 dentem
283 1043 385 1101 eadere
406 1053 504 1121 posset
517 1053 634 1122 propter
654 1052 761 1101 metum
786 1044 931 1122 praesentis
953 1043 1039 1110 exitii,
1054 1062 1105 1102 nec

150 1122 178 1179 in
197 1122 400 1190 facinorosum,
415 1123 468 1180 nisi
491 1131 567 1180 esset
589 1123 664 1182 idem
686 1123 900 1187 amentissimus,
918 1122 946 1182 id
971 1141 1021 1179 vos
1035 1132 1065 1181 et
1088 1131 1155 1185 alo

150 1201 209 1258 viro
234 1201 346 1277 optimo
366 1210 396 1259 et
418 1203 457 1260 ab
480 1201 592 1260 homine
614 1202 727 1260 minime
751 1203 840 1261 stulto
863 1202 1020 1281 cogitatum
1043 1220 1105 1259 esse

152 1280 320 1357 confingitis.
365 1282 410 1339 17.
433 1281 476 1337 At
499 1299 585 1358 quam
605 1300 661 1338 non
675 1280 762 1339 modo
785 1301 840 1340 non
861 1281 1039 1347 credibiliter,
1054 1280 1105 1339 sed

151 1378 186 1416 ne
200 1360 359 1436 suspiciose
373 1359 505 1436 quidem!
537 1360 639 1430 Quum,
650 1360 750 1437 inquit,
765 1361 791 1418 in
806 1360 954 1419 castellum
970 1359 1105 1417 Luceium

151 1437 276 1495 venisses
299 1447 329 1495 et
353 1439 471 1496 domum
495 1439 579 1517 regis,
607 1439 728 1516 hospitis
750 1440 799 1508 tui,
825 1439 1003 1504 devenisses,
1026 1439 1106 1497 locus

153 1525 212 1573 erat
239 1516 368 1593 quidam,
390 1517 419 1574 in
442 1536 501 1594 qun
524 1526 604 1576 erant
624 1536 658 1575 ea
682 1519 848 1596 composita,
876 1518 979 1596 quibus
1006 1527 1035 1576 te
1056 1524 1154 1580 rexit

153 1614 301 1653 munerare
325 1596 520 1655 constituerat.
562 1596 627 1655 Huc
650 1606 680 1655 te
705 1615 721 1655 e
745 1597 852 1663 balneo,
875 1598 1037 1675 priusquam
1058 1616 1104 1655 ac·

154 1675 311 1742 eumberes,
333 1675 438 1734 ducere
458 1676 590 1734 volebat:
615 1676 652 1734 ibi
673 1676 746 1734 enirn
770 1685 851 1735 erant
874 1676 983 1741 armati,
1004 1676 1052 1753 qui
1077 1686 1105 1733 te

152 1752 351 1822 interficerent,
365 1755 394 1812 in
406 1774 441 1812 eo
455 1754 519 1833 ipso
531 1754 595 1813 loon
608 1755 745 1813 collocati.
777 1755 821 1813 En
835 1756 949 1823 crimen,
961 1774 996 1813 en
1010 1772 1105 1821 cansa,

106 1892 141 1921 r*
153 1852 203 1889 cnr
225 1852 326 1910 regem
350 1833 497 1912 fugitiuus,
521 1834 666 1892 dominum
685 1854 784 1892 servus
797 1844 920 1893 accuset.
963 1834 1027 1911 Ego
1047 1852 1104 1890 me·

153 1910 292 1978 hercules,
309 1913 414 1979 Oaesar,
427 1913 516 1982 initio,
530 1932 618 1990 quum
632 1922 676 1971 est
700 1913 737 1971 ad
762 1932 808 1972 me
828 1914 883 1971 ista
900 1931 987 1971 causa
1001 1912 1104 1979 delata,
1117 1920 1155 1973 20

152 1989 332 2068 Phidippum
345 1992 496 2060 medicum,
510 2011 623 2051 servum
638 1993 755 2071 regium,
769 1992 817 2070 qui
838 2012 903 2051 cum
918 1992 1019 2071 legatis
1040 1991 1104 2049 rnn-

152 2088 200 2126 sns
227 2078 314 2137 esset,
338 2071 374 2129 ab
397 2071 453 2129 isto
477 2071 656 2130 adolescente
678 2090 740 2130 ease
764 2081 939 2137 cornutum,
965 2071 1017 2129 hac
1041 2090 1105 2129 sum

152 2148 313 2226 suspicione
335 2168 502 2226 percussus:
523 2149 665 2209 medicum
678 2150 799 2209 indicem
812 2172 846 2209 su
886 2150 996 2217 rnavit;
1016 2150 1106 2228 finget

152 2226 285 2286 videlicet
311 2228 425 2306 aliquod
450 2230 555 2288 crimen
582 2230 689 2288 veneni.
737 2230 799 2288 Etsi
825 2248 844 2287 a
869 2230 988 2288 veritate
1012 2229 1105 2307 longe,

152 2311 247 2364 tamen
269 2325 288 2363 a
302 2307 504 2366 consuetudine
518 2307 683 2367 criminandi
702 2328 758 2367 non
779 2309 901 2367 multum
913 2328 960 2366 res
973 2309 1105 2366 abhorre·
1117 2317 1154 2371 25

151 2384 211 2443 bat.
265 2392 311 2444 18.
334 2386 408 2456 Quid
431 2387 471 2445 ait
495 2387 622 2445 medicus
630 2387 651 2445 ‘2-
693 2388 771 2445 Nihil
792 2387 829 2447 de
853 2406 968 2446 veneno.
1010 2388 1053 2444 At
1076 2385 1105 2444 id

152 2463 211 2521 fieri
235 2464 331 2542 potuit
355 2466 446 2542 primo
470 2466 608 2525 occultius
632 2467 661 2525 in
682 2466 806 2545 potione,
833 2467 861 2526 in
885 2467 969 2533 cib0;
1004 2464 1106 2524 deinde

154 2543 237 2600 etiam
261 2544 403 2621 impunius
417 2545 458 2613 fit,
474 2546 552 2623 quod
573 2565 662 2622 quum
682 2546 863 2613 estfactum,
884 2544 981 2625 negari
1003 2552 1104 2624 potest.

154 2620 183 2678 si
197 2622 295 2699 palam
316 2632 347 2680 te
365 2622 560 2691 interemisset,
575 2625 700 2682 omnium
716 2625 744 2683 in
757 2644 788 2682 se
802 2626 928 2704 gentium
944 2643 999 2682 non
1014 2624 1105 2681 solum

154 2701 224 2767 odia,
250 2700 303 2759 sed
327 2701 411 2760 etiam
436 2721 516 2760 arma
539 2704 738 2771 convertissem
769 2703 793 2761 si
817 2723 933 2771 veneno,
957 2703 1036 2761 lovis
1059 2702 1105 2761 ille
1116 2711 1155 2764 80

153 2779 267 2855 quidem
282 2781 431 2858 hospitalis
443 2801 548 2840 numen
561 2802 706 2860 nunquam
717 2783 808 2841 celare
823 2783 968 2861 potuisset,
979 2783 1105 2840 homines

153 2858 273 2917 fortasse
288 2861 415 2919 celasset.
452 2860 536 2931 Quod
550 2861 637 2939 igitur
650 2870 680 2920 et
693 2863 788 2920 conari
802 2862 939 2920 occultius
953 2872 982 2919 et
996 2862 1106 2919 efficere

154 2939 263 2995 cautius
278 2939 381 3016 potuit,
396 2940 425 2997 id
446 2940 507 3007 tibi,
522 2949 551 2998 et
565 2940 676 2999 medico
690 2941 793 2999 callido
813 2950 843 2999 et
863 2960 953 3007 servo,
967 2949 1001 2997 ut
1022 2948 1104 3018 puta·

22 3048 23 3051 =
152 3016 209 3084 bat,
232 3018 320 3084 fideli,
344 3037 399 3075 non
424 3018 566 3077 credidit?
598 3019 634 3078 de
656 3020 750 3087 armis,
775 3019 811 3078 de
833 3021 916 3087 terro,
941 3019 977 3076 de
999 3018 1106 3077 insidiis

22 3062 24 3121 Ῑ
154 3096 243 3154 celare
258 3104 288 3153 te
302 3096 414 3154 noluit?
459 3104 503 3156 19.
525 3099 568 3155 At
581 3117 667 3176 quam
687 3099 787 3157 festive
801 3099 907 3157 crimen
930 3097 1154 3161 contexiturldt

152 3173 211 3232 Tua
224 3185 265 3243 te,
280 3175 379 3252 inquit,
394 3176 504 3243 eadem,
519 3195 584 3253 quae
596 3196 717 3256 semper,
732 3179 846 3236 fortuna
859 3177 997 3236 mavit:
1019 3195 1105 3256 nega·

152 3253 213 3312 visti
228 3265 292 3312 tum
306 3262 337 3311 te
350 3255 489 3332 inspicere
503 3256 583 3314 velle.

188 3333 258 3391 VH.
282 3333 360 3402 Quid
385 3335 509 3412 postea?
539 3353 575 3391 an
599 3335 750 3393 Deiotarus
773 3354 805 3393 re
826 3335 873 3393 illo
897 3344 1027 3412 ternpore
1050 3352 1107 3391 non

150 3413 278 3489 perfecta
292 3412 426 3470 continuo
440 3413 546 3471 dimisit
566 3414 743 3472 exercitum?
764 3415 858 3472 nullus
872 3421 933 3473 erat
953 3413 1025 3471 alius
1041 3412 1105 3469 insi·

151 3490 245 3549 diandi
259 3492 365 3549 locus?
406 3493 450 3549 At
473 3491 574 3550 eodem
594 3501 631 3560 te,
646 3512 734 3570 quum
756 3493 934 3559 coenavisses,
950 3492 1106 3549 rediturum
1117 3498 1156 3551 40

148 3569 277 3628 dixeras:
298 3571 396 3647 itaque
410 3571 510 3629 iecisti.
552 3571 659 3629 Horam
673 3590 760 3628 unam
773 3581 824 3629 aut
838 3572 909 3629 duas
923 3569 1023 3628 eodem
1043 3569 1105 3627 loco

146 3658 281 3717 armatos,
297 3658 332 3706 ut
347 3650 478 3707 collocati
489 3650 609 3717 fuerant,
625 3652 744 3709 retinere
754 3670 888 3730 magnum
903 3649 978 3706 luit?
1009 3650 1106 3717 Quum

144 3727 172 3786 in
199 3728 333 3788 convivio
358 3729 479 3787 comiter
502 3738 532 3786 et
553 3729 679 3806 jucunde
701 3730 811 3795 fuisses,
826 3739 889 3787 tum
908 3729 974 3787 illuc
994 3727 1048 3791 isti,
1071 3734 1105 3781 ut

144 3807 266 3868 dixeras.
310 3809 378 3879 Quo
399 3809 430 3866 in
449 3807 514 3866 loco
527 3808 694 3921 Deiotazum
707 3808 794 3866 talem
807 3826 876 3887 erga
895 3815 926 3865 te
939 3800 1105 3883 cognovisti,
