2742 4384
237 318 296 372 124
709 328 816 393 enarro

287 460 393 538 populo
417 459 517 524 solum,
538 458 588 515 sed
609 459 694 515 etiam
714 458 822 514 senatui
845 457 992 524 commisit,
1007 477 1099 534 neque
1123 460 1233 518 senatui

286 539 379 604 modo,
405 538 455 594 sed
483 539 566 593 etiam
594 537 712 614 publicis
737 537 873 613 praesidiis
897 545 926 593 et
954 539 1046 604 armis
1070 557 1160 614 neque
1186 540 1231 596 his

285 624 404 683 tautum,
420 636 519 673 rerum
534 616 617 672 etiam
632 617 694 691 ejus
714 616 857 691 potestati,
872 617 917 673 cui
931 626 1043 672 senatus
1068 626 1156 673 totam
1170 637 1231 675 rem

286 695 437 772 publicam,
465 713 576 751 omnem
602 695 691 751 ltaliae
718 694 833 770 pubem,
858 702 960 752 cuncta
985 695 1082 771 populi
1109 696 1232 753 Romani

255 785 272 837 5
286 792 363 830 arma
377 773 562 839 commiserat,
578 773 623 830 cui
642 791 785 848 nunquam
800 791 830 829 se
850 773 896 829 hic
917 774 1027 850 profect
1028 793 1045 829 0
1015 774 1230 843 ttradidisset,

285 852 337 908 nisi
350 871 443 909 causae
459 871 519 909 suae
534 851 694 915 confideret,
705 851 860 926 praesertim
875 852 967 908 omnia
980 852 1111 919 audienti,
1127 871 1232 930 magna

285 950 330 987 me
332 930 428 996 ttueni,
400 930 532 987 tmulta
552 930 714 1005 suspicanti,
735 928 868 986 nonnulla
888 931 1020 987 credenti
1061 930 1166 1008 Magna
1186 933 1230 989 vis

285 1019 329 1066 est
343 1009 526 1075 conscientiae‚
549 1008 667 1097 judices
689 1015 835 1084 etmagna
854 1008 883 1064 iu
896 1017 1046 1085 utramque
1064 1019 1182 1087 partem,
1197 1018 1232 1068 ut

285 1106 376 1163 neque
401 1087 526 1153 timeant
548 1087 596 1163 qui
617 1086 684 1143 nihil
706 1087 905 1153 commiserint,
930 1097 959 1145 et
980 1107 1094 1164 poenam
1117 1107 1231 1167 semper

235 1177 272 1230 10
285 1177 350 1222 ante
364 1166 460 1223 oculos
474 1166 577 1222 versari
592 1186 631 1242 pu
633 1174 701 1230 t,ent
717 1165 764 1240 qui
786 1166 936 1241 peccarint.
979 1173 1025 1224 62.
1040 1168 1148 1243 Neque
1164 1187 1230 1227 vero

285 1245 343 1301 siue
364 1244 469 1301 ratione
492 1252 568 1301 certa
588 1263 673 1301 causa
697 1243 807 1300 Milonis
822 1262 934 1320 semper
957 1253 1087 1303 asenatu
1108 1248 1231 1322 probata

284 1330 335 1379 est.
315 1323 520 1380 tVidebant
544 1322 616 1379 euim
631 1321 741 1398 sapient
741 1322 827 1378 issimi
849 1322 977 1380 homines
997 1325 1063 1381 facti
1083 1325 1229 1393 rationem,

284 1402 463 1490 praesentiam
480 1401 571 1467 animi,
594 1400 760 1458 defensionis
775 1409 903 1487 copstaut
892 1403 966 1459 tiam.
1007 1404 1056 1459 An
1069 1421 1136 1461 vero
1149 1370 1230 1461 obliti

285 1480 359 1546 estis,
381 1480 499 1557 judices,
515 1480 619 1536 recenti
639 1479 687 1536 illo
701 1480 799 1535 nuntio
812 1470 889 1536 irecis
904 1480 1058 1548 Clodianae,
1072 1500 1128 1539 nou
1141 1483 1229 1540 modo

234 1569 270 1624 15
284 1557 456 1615 inimicorum
477 1558 588 1614 Milonis
602 1577 744 1615 sermones
758 1565 788 1614 et
801 1559 953 1634 opiniones,
968 1560 1018 1617 sed
1032 1561 1230 1617 nonnullorum

284 1637 367 1693 etiam
381 1638 492 1713 impent
472 1637 598 1693 torum?
639 1637 793 1714 Negabant
817 1655 882 1693 eum
906 1638 1027 1695 Romam
1041 1657 1102 1696 esse
1121 1639 1229 1696 reditu·

283 1734 355 1773 rum
398 1723 443 1773 63.
467 1717 532 1774 Sive
547 1715 620 1771 enim
640 1715 710 1772 illud
725 1716 817 1772 animo
832 1716 884 1772 irat
873 1724 903 1772 to
917 1734 950 1773 ac
975 1717 1083 1793 percito
1106 1717 1227 1785 lecisset,

283 1803 317 1851 ut
340 1795 468 1851 incensus
492 1794 556 1851 odio
575 1794 760 1851 trucidaret
753 1794 902 1861 inimicum,
924 1797 1140 1863 arbitrabantur,
1163 1815 1230 1887 eum

283 1874 354 1929 tanti
334 1882 436 1930 mor
438 1883 494 1930 em
522 1874 554 1930 P
581 1872 672 1929 Clodii
700 1880 886 1949 putassent
913 1892 994 1950 aequo
1018 1875 1110 1931 animo
1138 1882 1230 1952 patna

232 1965 270 2017 20
284 1960 399 2017 careret,
415 1972 503 2029 quum
517 1952 653 2042 sanguine
666 1951 768 2008 inimici
790 1952 931 2028 explesset
919 1953 1048 2010 todium
1061 1972 1154 2020 suum,
1169 1955 1228 2011 sive

284 2040 368 2087 ram
378 2031 449 2087 1lhus
460 2039 550 2087 morte
562 2031 682 2106 patriam
691 2031 809 2088 liberare
819 2029 960 2098 voluisse
941 2039 1025 2088 non
1034 2031 1146 2089 dub1
1104 2040 1230 2090 tatarum

283 2109 339 2165 fort
329 2117 385 2165 tem
399 2111 499 2175 virum,
514 2109 589 2184 quin,
605 2128 693 2185 quum
706 2127 758 2166 suo
779 2109 904 2185 periculo
918 2076 1038 2168 salutem
1051 2128 1090 2167 ιρι
1083 2111 1227 2186 publicae

284 2188 432 2253 attulisset,
449 2188 560 2244 cederet
578 2206 658 2262 aquo
671 2187 764 2244 animo
785 2188 902 2265 legibus,
917 2206 1013 2245 secum
1027 2189 1150 2246 auferret
1167 2189 1229 2266 glo·

283 2268 352 2323 riam
368 2267 574 2343 sempiternam,
589 2266 669 2323 nobis
683 2267 746 2323 haec
766 2266 886 2323 fruenda
899 2267 1075 2343 relinqueret,
1090 2286 1155 2345 quae
1167 2270 1229 2344 ipse

133 2344 140 2357 ’
233 2360 269 2412 25
283 2353 430 2402 servasset
411 2345 545 2402 ttMul
546 2345 555 2401 i
569 2345 653 2401 etiam
668 2345 817 2402 Catilinam
831 2352 917 2421 atque
930 2346 977 2401 illa
988 2354 1119 2422 portenta
1131 2346 1229 2422 loque-

283 2425 352 2482 bant
341 2433 403 2480 t:ur
426 2424 600 2501 “Erumpet,
616 2425 768 2500 occupabit
789 2424 910 2499 aliquem
932 2424 1034 2489 locum,
1053 2425 1158 2483 bellum
1179 2443 1228 2500 pa·

284 2503 344 2559 triae
359 2501 471 2559 faciet.''
513 2502 630 2559 Miseros
651 2502 830 2560 ιιιιριι1ιιιιι
808 2520 881 2559 cues
895 2503 1000 2579 optime
1021 2502 1100 2560 dere
1114 2503 1229 2579 publica

283 2583 406 2646 meritoS,
421 2581 450 2637 iu
474 2582 576 2656 quibus
600 2582 727 2637 homines
748 2600 804 2637 non
824 2580 908 2636 modo
932 2599 977 2637 res
1002 2581 1228 2658 praeclarissimas

283 2659 493 2725 obliviscuntur,
504 2660 595 2716 sedt
566 2678 581 2716 e
584 2659 650 2715 tiam
660 2660 781 2716 nefarias
794 2658 988 2748 suspicantur!
1022 2666 1068 2716 64.
1091 2659 1168 2748 Ergo
1181 2659 1228 2715 illa

233 2750 270 2802 30
283 2737 353 2795 falsa
367 2732 496 2804 fuerunt;
517 2756 581 2813 quae
595 2747 654 2794 cert
655 2756 748 2795 evera
762 2737 846 2795 exstit
835 2737 940 2803 tissent,
952 2757 975 2793 sr
968 2737 1057 2794 Milo
1070 2737 1228 2795 admisisset

283 2816 396 2951 aliquidI,
394 2816 489 2950 unod
504 2835 559 2872 non
573 2825 670 2892 posset
683 2818 801 2873 honeste
815 2834 936 2904 vereque
950 2816 1108 2873 defendere.

423 2939 429 2951 .
379 2895 548 2963 IVQuid‘l
569 2915 634 2970 quae
658 2914 711 2971 pos
713 2904 758 2951 tea
778 2903 844 2950 sunt
867 2895 895 2950 in
915 2913 981 2951 eum
1004 2900 1146 2971 congesta,
1162 2912 1226 2969 quae

284 2973 410 3050 quemvis
432 2974 516 3030 etiam
537 2974 720 3030 mediocrium
743 2973 908 3029 delictorum
932 2973 1100 3030 conscientia
1128 2991 1226 3049 percu·

283 3052 388 3118 iissent,
403 3061 436 3108 ut
456 3052 600 3108 sustinuit!
621 3051 659 3107 dii
675 3051 864 3107 immortales!
884 3051 1035 3108 sustinuit?
1056 3052 1140 3108 immo
1162 3069 1227 3107 vero

233 3144 270 3196 35
284 3139 317 3186 ut
337 3131 505 3206 contempsit
525 3149 558 3187 ac
582 3149 634 3206 pro
655 3130 741 3186 nihilo
762 3129 887 3205 putavit!
909 3148 973 3205 quaa
994 3149 1084 3206 neque
1106 3130 1226 3186 maximo

284 3209 377 3264 animo
391 3227 503 3274 nocens,
518 3228 609 3284 neque
623 3210 762 3273 innocens,
777 3208 828 3264 nisi
842 3208 1009 3265 fortissimus
1022 3208 1071 3273 vir,
1086 3208 1227 3285 negligere

285 3287 431 3363 potuisset.
473 3287 633 3352 Scutorum,
655 3286 823 3362 gladiorum,
848 3285 862 3361 l
885 3286 1029 3343 frenorum
1053 3286 1228 3363 pilorumque

285 3366 370 3421 etiam
390 3365 542 3422 multitudo
564 3363 739 3441 deprehendi
759 3383 842 3441 posse
862 3363 1053 3431 indicabatur;
1073 3364 1182 3421 nullum
1200 3363 1227 3419 iu

285 3444 354 3499 urbe
369 3443 469 3509 vicum,
485 3443 591 3499 nullum
612 3443 793 3520 angiportum
807 3460 869 3500 esse
893 3442 1032 3508 dicebant,
1046 3442 1075 3499 in
1098 3461 1154 3518 quo
1174 3459 1228 3497 nou

234 3532 273 3586 40
286 3521 382 3577 Miloni
396 3522 536 3578 conducta
549 3528 624 3577 essct
644 3522 762 3586 domus;
783 3539 862 3576 arma
884 3520 912 3577 iu
925 3520 1021 3577 villam
1035 3520 1228 3577 Ocriculanam

287 3599 406 3655 derecta
429 3599 536 3665 'liberm
559 3599 660 3655 domus
683 3599 711 3654 iu
732 3599 803 3655 clivo
818 3599 976 3675 Capitolino
1000 3599 1088 3656 scutis
1109 3598 1227 3664 referta;

309 3677 371 3734 lena
384 3677 476 3733 omnia
490 3677 682 3733 malleolorum
697 3677 734 3732 ad
755 3678 832 3732 urbis
845 3677 974 3734 incendia
995 3687 1227 3753 comparatorum.

288 3697 362 3813 llaec
382 3774 437 3810 non
458 3755 553 3811 delata
572 3756 671 3820 solum,
687 3755 738 3811 sed
761 3773 844 3830 paeue
858 3755 972 3820 credita,
987 3774 1039 3813 nec
1059 3765 1125 3812 ante
1147 3773 1229 3830 repu·
1272 3766 1283 3798 ¹

289 3834 365 3892 diata
385 3841 459 3901 sunt,
474 3851 559 3910 quam
578 3835 704 3911 quaesita.
746 3840 792 3890 65.
813 3832 980 3890 Laudabam
994 3833 1126 3909 equidem
1143 3833 1229 3891 incre·
