2742 4384
377 309 437 351 sno
450 310 476 351 r.
490 309 587 351 amo
601 308 723 359 most,
738 309 805 351 oar.
820 309 888 349 xxv.
1090 295 1147 353 ias

131 442 258 503 ds'lslem
284 438 462 518 diligentiam
490 439 543 498 (ln.
566 439 712 517 Pompeii;
742 438 793 498 sed
814 438 915 507 dicam
939 447 973 497 ut
996 438 1095 509 sentio,

131 522 260 601 judices.
302 520 396 577 Nimis
415 518 507 577 multa
520 530 662 596 coguntur
674 519 781 585 audire,
796 538 887 596 neque
902 519 982 577 aliter
1001 519 1095 577 iacere

133 608 264 679 possunt
277 599 305 665 ii,
320 599 424 675 quibus
444 604 507 655 tota
520 598 669 655 commissa
682 606 727 654 est
740 616 785 655 res
799 598 929 674 publica;
950 598 995 655 cui
1009 598 1093 655 etiam

132 680 226 739 fuerit
246 677 408 735 audiendus
422 694 500 753 popa
512 675 632 734 Licinius
646 676 800 753 nescioqui
814 676 850 734 de
867 676 941 734 circo
955 677 1094 744 maximo;

134 777 238 817 servos
252 755 367 814 Milonis
380 756 459 832 apud
478 773 510 812 se
522 755 615 813 ebrios
636 754 727 813 factos
741 755 795 813 sibi
815 755 959 813 confessos
972 774 1043 821 esse,
1057 755 1125 818 det

133 835 338 896 interficiendo
362 834 503 911 Pompeio
530 834 700 910 conjurasse,
724 834 789 891 dein
817 844 916 912 postea
943 853 974 892 sa
998 834 1094 912 gladio

134 933 310 994 museum
333 932 396 971 esse
418 914 457 971 ab
481 931 538 970 uno
551 911 588 970 de
610 912 673 979 illis,
689 931 724 970 ne
745 912 890 981 indicaret,
911 913 1048 991 Pompeio
1065 915 1094 971 in

134 995 240 1053 hortos
252 992 402 1050 nuntiavit.
443 991 624 1049 Arcessorin
642 989 748 1068 primis.
791 992 835 1049 De
855 992 1008 1049 amicorum
1031 1011 1093 1051 sen·

134 1073 230 1131 tentia
245 1091 307 1129 rem
320 1070 414 1128 defert
433 1070 471 1127 ad
495 1077 633 1128 senatum
674 1069 741 1127 Non
761 1079 889 1148 poteram
910 1071 1024 1129 inillius
1038 1070 1093 1128 mei

135 1152 300 1229 patriisque
324 1148 450 1208 custodis
473 1156 553 1206 tanta
572 1148 731 1226 suspicione
754 1168 810 1206 non
830 1158 909 1207 metu
933 1151 1091 1216 exanimari,
1108 1158 1145 1211 10

136 1231 190 1288 sed
213 1230 340 1287 mirabar
364 1237 469 1294 umen,
494 1227 570 1285 credi
596 1246 691 1304 popae,
717 1228 918 1286 confessionem
947 1248 1093 1287 servorum

137 1309 243 1375 audiri,
257 1306 361 1366 vulnus
382 1306 412 1364 in
431 1306 528 1374 latere,
542 1306 620 1382 quod
640 1324 694 1363 acu
714 1315 852 1384 punctum
869 1307 1018 1375 videretur,
1040 1326 1092 1385 pro

137 1387 199 1446 ictu
212 1385 380 1466 gladiatoris
404 1384 526 1462 probari
567 1391 614 1443 66,
636 1385 754 1452 Verum,
769 1397 802 1444 ut
821 1385 955 1465 intelligo,
973 1388 1093 1445 cavebat

138 1468 234 1545 magis
247 1465 411 1542 Pompeius,
423 1482 508 1541 quam
522 1464 649 1531 timebat,
661 1482 716 1521 non
730 1483 765 1521 ea
778 1464 879 1533 solum,
891 1485 955 1543 quae
967 1465 1092 1523 timenda

139 1553 232 1611 erant,
256 1543 308 1601 sed
331 1544 434 1609 omnia,
459 1560 494 1600 ne
517 1562 567 1601 vos
591 1542 697 1619 aliquid
721 1543 865 1601 timeretis.
916 1545 1092 1623 oppugnata
1107 1554 1142 1607 15

140 1623 246 1681 domus
268 1623 302 1681 O.
317 1622 450 1689 Caesaris,
465 1621 608 1679 clarissimi
629 1630 659 1679 et
678 1622 821 1680 fortissimi
842 1622 901 1691 viri,
916 1643 967 1700 per
987 1624 1091 1681 multas

140 1704 234 1760 noctis
247 1703 332 1759 horas
345 1701 536 1759 nuntiabatur.
577 1701 671 1759 Nemo
684 1700 812 1758 audierat
828 1710 889 1759 tam
903 1702 1006 1760 celebri
1019 1702 1090 1769 loco,

140 1801 226 1839 nemo
252 1788 395 1847 senserat;
430 1786 526 1837 tamen
552 1779 727 1838 audiebatur.
788 1780 855 1837 Non
882 1789 1010 1856 poteram
1038 1781 1091 1837 Cn.

141 1859 321 1937 Pompeium,
331 1858 562 1936 praestantissima
571 1858 675 1915 virtute
685 1858 785 1923 virum,
797 1858 926 1915 timidum
937 1858 1073 1934 suspicari
1083 1878 1090 1925 ;

141 1938 326 2018 diligentiam,
340 1945 403 1995 tota
424 1954 455 1993 re
469 1937 582 2014 publica
595 1946 737 2013 suscepta,
752 1937 865 1994 nimiam
886 1936 991 1993 nullam
1009 1947 1090 2014 puta-
1105 1945 1143 1999 20

140 2018 218 2076 barn.
268 2014 505 2093 Frequentissimo
526 2025 627 2073 senatu
647 2035 739 2092 nuper
761 2015 790 2073 in
814 2016 955 2093 Capitolio
978 2024 1092 2073 senator

141 2097 273 2155 inventus
286 2103 339 2163 ast,
354 2095 403 2171 qui
424 2093 557 2152 Milonem
570 2113 636 2151 cum
657 2094 715 2151 telo
729 2114 790 2153 esse
809 2095 923 2153 diceret.
964 2095 993 2152 N
995 2096 1092 2154 udavit

142 2195 172 2233 se
186 2176 216 2232 in
228 2174 405 2232 sanctissimo
419 2173 534 2249 templo,
555 2174 687 2249 quoniam
702 2173 760 2230 vita
782 2174 847 2231 talis
861 2183 891 2232 et
911 2173 977 2233 civis
991 2183 1021 2233 et
1041 2175 1091 2233 viri

141 2255 228 2312 iidem
240 2273 298 2312 non
311 2252 442 2320 iaciebat,
455 2259 497 2319 ut,
512 2271 546 2310 eo
560 2259 680 2320 tacente,
695 2271 740 2309 res
754 2253 816 2329 ipsa
829 2254 1000 2330 loqueretur.

180 2332 274 2391 XXV.
317 2332 363 2390 67.
386 2330 487 2388 Omnia
509 2331 582 2388 falsa
599 2340 685 2407 atque
709 2330 839 2389 insidiose
859 2333 925 2390 ficta
945 2339 1091 2410 comperta
1104 2341 1142 2397 26

142 2420 224 2479 sunt;
246 2430 335 2488 quum
359 2417 455 2468 tamen
475 2409 611 2467 metuitur
630 2409 714 2467 etiam
728 2428 803 2467 nuuc
824 2410 902 2470 Milo.
943 2412 1009 2469 Non
1030 2412 1091 2488 jam

141 2492 198 2548 hoc
213 2490 383 2548 Clodianum
397 2489 500 2546 crimen
513 2489 654 2555 timemus,
668 2488 719 2546 sed
741 2496 814 2556 tuas,
831 2490 882 2547 On.
897 2490 1026 2567 Pompei,
1048 2488 1091 2567 (te

143 2570 217 2627 enim
234 2569 296 2646 jam
310 2568 432 2646 appello,
447 2576 476 2625 et
489 2586 523 2625 ea
536 2585 614 2634 voce,
629 2576 662 2624 ut
681 2586 727 2624 me
741 2568 874 2625 exaudire
889 2569 978 2645 possis
993 2613 1001 2636 ,
1017 2577 1090 2637 tuas,

143 2656 216 2714 tuas,
244 2648 367 2724 inquam,
395 2646 566 2724 suspiciones
598 2646 845 2723 perhorrescimus.
900 2648 931 2705 Si
989 2648 1091 2706 ssonem

143 2727 232 2793 times,
256 2726 279 2783 si
301 2727 376 2784 hunc
400 2726 436 2782 de
457 2735 506 2782 tua
520 2726 578 2782 vita
597 2725 703 2782 nefarie
727 2732 777 2782 aut
800 2745 874 2782 nunc
897 2727 1020 2804 cogitare
1040 2734 1090 2784 aut
1104 2737 1142 2791 30

143 2806 272 2862 molitum
285 2804 437 2881 aliquando
450 2804 554 2880 aliquid
570 2811 663 2881 putas,
678 2803 703 2860 si
717 2805 808 2862 Italiae
825 2804 960 2872 delectus,
975 2813 1008 2862 ut
1020 2825 1089 2862 non-

143 2885 210 2941 nulli
224 2883 426 2959 conquisitores
440 2884 482 2940 tui
494 2882 667 2950 dictitarunt,
677 2883 701 2939 si
714 2883 778 2940 baeo
789 2901 875 2950 arma,
887 2884 911 2941 si
922 2884 1089 2961 Capitolinae

144 2964 283 3029 cohortes,
305 2963 329 3019 si
350 2962 486 3028 excubiae,
507 2962 531 3018 si
555 2960 664 3039 vigiliae,
679 2960 703 3018 si
726 2962 837 3031 delecta
856 2962 1000 3038 juventus,
1024 2983 1089 3040 quae

143 3047 224 3098 tuum
245 3059 348 3118 corpus
368 3041 541 3116 domumque
555 3039 688 3107 custodit,
703 3050 802 3097 contra
820 3040 931 3099 Milonis
951 3042 1088 3119 impetum

144 3127 252 3176 armata
265 3126 317 3187 est,
332 3126 418 3196 atque
431 3119 479 3176 illa
492 3119 585 3177 omnia
597 3119 626 3176 in
639 3119 715 3176 huno
728 3138 817 3176 unum
830 3120 967 3187 instituta,
980 3129 1088 3198 parata,
1103 3132 1141 3185 35

142 3198 251 3257 intenta
263 3206 338 3266 sunt,
352 3216 457 3276 magna
471 3205 546 3256 certe
566 3197 595 3255 in
616 3198 671 3255 hoc
684 3198 726 3254 vis
740 3205 770 3255 et
792 3197 960 3257 incredibilis
980 3200 1090 3257 animus

144 3285 173 3334 et
190 3296 247 3335 non
259 3278 342 3335 unius
359 3277 411 3335 viri
424 3277 496 3334 vires
512 3284 597 3353 atque
611 3294 680 3354 opes
700 3276 867 3345 indicantur,
882 3278 905 3334 si
925 3278 1041 3354 quidem
1061 3279 1090 3336 in

143 3356 218 3414 hunc
239 3375 329 3413 unum
354 3364 383 3414 et
407 3355 656 3433 praestantissimus
680 3355 739 3412 dux
766 3355 873 3413 electus
900 3365 929 3414 et
957 3365 1018 3413 tota
1044 3377 1089 3416 res

143 3435 258 3511 publica
279 3443 388 3494 armata
411 3441 463 3493 est.
505 3440 551 3492 68.
579 3433 638 3491 Sed
663 3434 726 3510 quis
749 3453 806 3490 non
829 3434 966 3514 intelligit,
992 3455 1089 3493 omnes

142 3513 194 3570 tibi
213 3513 389 3590 reipublicae
411 3520 506 3591 partes
521 3531 614 3590 aegras
628 3520 657 3569 et
669 3513 807 3581 labantes,
823 3522 856 3570 ut
879 3534 926 3572 eas
941 3514 983 3571 his
1004 3516 1089 3572 armis
1102 3525 1141 3580 40

144 3609 257 3649 sanares
280 3598 310 3649 et
333 3594 520 3659 confirmares,
546 3610 607 3650 esse
632 3591 817 3649 commissas?
862 3593 946 3662 Quod
967 3593 990 3651 si
1009 3594 1089 3652 locus

142 3669 240 3728 Miloni
261 3670 346 3729 datus
369 3680 451 3738 esset,
477 3671 625 3747 probasset
649 3670 777 3746 prolecto
797 3671 847 3729 tibi
870 3673 932 3750 ipsi,
950 3673 1089 3729 neminem

142 3767 267 3824 unquam
288 3749 431 3809 hominem
455 3749 561 3807 homini
582 3748 717 3807 cariorem
739 3749 825 3807 fuisse
851 3771 938 3827 quam
960 3759 989 3809 te
1016 3750 1088 3816 sibi;

142 3828 252 3887 nullum
274 3846 306 3886 se
328 3847 455 3905 unquam
476 3828 633 3964 periculuni
657 3845 710 3939 pro
733 3836 785 3885 tua
804 3828 942 3908 dignitate
965 3828 1089 3907 sugisse;
