2742 4384
246 319 302 381 122
713 328 820 370 onsrro

290 460 414 538 loquitur
425 459 495 537 ipsa,
508 458 626 537 judices,
642 478 707 535 quae
722 475 833 535 semper
846 458 922 515 valet
935 458 1096 534 plurimum.
1138 465 1185 519 54.
1207 457 1238 518 Si

291 541 355 598 haec
369 559 424 596 non
437 547 519 616 gesta
537 538 677 604 audiretis,
694 539 745 595 scd
765 538 841 614 picta
855 537 994 603 videretis,
1010 547 1104 595 tamen
1118 558 1237 616 appare·

290 628 343 685 ret,
357 628 421 675 uter
444 627 519 674 esset
541 616 694 682 insidiator,
716 625 780 673 uter
799 617 868 675 nihil
892 617 1029 693 cogitaret
1053 618 1127 684 mali,
1149 636 1238 693 quum

274 698 363 771 ‘alter
376 695 525 753 veheretur
539 696 567 751 in
577 695 667 751 rheda
675 695 843 771 paenulatus,
858 712 914 751 una
925 694 1037 757 sederet
1050 715 1129 754 uxor.
1162 696 1237 765 Quid

260 775 393 838 5horum
419 793 475 831 non
498 773 763 850 impeditissimum?
794 774 921 840 vestitus,
946 790 983 828 en
1006 774 1173 841 vehiculum,
1201 792 1238 830 au

291 854 409 911 comes?
430 853 498 929 quid
512 853 603 909 minus
624 858 789 927 promptum
802 852 840 909 ad
863 869 997 929 pugnam,
1012 870 1099 927 quum
1121 852 1237 929 paenula

290 933 422 998 irretitus,
443 931 533 988 rheda
557 930 717 1006 impeditus,
738 950 824 989 uxore
848 948 932 1008 paeue
952 930 1118 987 constrictus
1138 931 1235 988 esset?

291 1010 395 1068 Videte
418 1009 604 1074 nuncillum,
627 1008 748 1084 primum
770 1010 960 1088 egredientem
985 1027 1001 1066 e
1025 1009 1100 1074 villa,
1122 1009 1236 1075 subito;

291 1091 365 1146 cur?
386 1088 496 1165 vesperi
505 1107 512 1154 ;
533 1087 601 1164 quid
614 1105 729 1144 necesse
743 1090 808 1144 est?
830 1084 928 1152 tarde;
949 1087 998 1162 qui
1012 1088 1148 1153 convenit,
1163 1106 1236 1162 prae·

241 1177 278 1229 10
291 1169 386 1224 sertim
400 1167 428 1224 id
442 1166 600 1243 temporis?
625 1165 755 1222 Devertit
767 1166 795 1222 in
805 1166 899 1223 villam
912 1166 1047 1243 Pompeii.
1068 1165 1236 1242 Pompeium

290 1253 323 1302 ut
337 1246 466 1302 videret?
487 1245 602 1311 sciebat,
612 1243 640 1300 iu
650 1244 774 1302 Alsiensi
787 1264 866 1312 esse;
887 1245 981 1301 villam
998 1251 1028 1301 ut
1042 1244 1235 1320 perspiceret?

289 1324 389 1381 millies
403 1324 430 1381 in
444 1341 477 1381 ea
487 1323 593 1390 fuerat;
614 1323 682 1400 quid
696 1340 765 1399 ergo
778 1325 862 1381 erat?
882 1342 962 1380 mora
975 1331 1004 1381 et
1022 1323 1235 1400 tergiversatio:

290 1403 359 1460 dum
375 1402 419 1459 hic
433 1402 547 1468 veniret,
562 1402 656 1459 locum
669 1402 825 1478 relinquere
838 1402 937 1460 noluit.

329 1481 408 1539 XXI.
451 1489 496 1538 55.
518 1481 594 1557 Age,
609 1499 683 1538 nunc
703 1481 758 1538 iter
770 1481 895 1559 expediti
909 1480 1024 1537 latronis
1038 1499 1103 1537 cum
1123 1479 1236 1537 Milonis

241 1570 277 1623 15
290 1559 496 1636 impedimentis
516 1567 686 1636 comparate.
728 1559 848 1636 Semper
872 1561 918 1617 ille
942 1566 1025 1616 antea
1045 1578 1109 1616 cum
1129 1577 1235 1626 uxore;

290 1646 352 1695 tum
366 1639 423 1695 sine
438 1656 488 1704 ear
508 1656 652 1714 nunquam
665 1638 753 1694 nisiin
762 1638 869 1706 rheda;
890 1646 953 1694 tum
965 1638 994 1695 in
1007 1656 1098 1714 equo;
1119 1638 1235 1694 comites

292 1717 422 1782 Graeculi,
447 1736 615 1794 quocunque
639 1716 707 1783 ibat,
733 1717 819 1773 etiam
840 1736 928 1793 quum
950 1716 979 1773 in
1002 1723 1095 1772 cestra
1115 1716 1237 1773 Etrusca

290 1797 477 1873 properabat;
506 1803 568 1852 tum
591 1795 620 1852 in
641 1795 777 1852 comitatu
798 1815 940 1873 nugarum
961 1794 1038 1852 nihil.
1088 1794 1164 1860 Milo,
1187 1794 1235 1870 qui

290 1893 442 1950 nunquam,
458 1882 519 1931 tum
533 1893 601 1931 casu
614 1892 717 1951 pueros
731 1875 947 1951 symphoniacos
961 1873 1056 1931 uxoris
1069 1874 1193 1930 ducebat
1206 1881 1236 1930 et

240 1965 277 2017 20
290 1954 454 2011 ancillarum
468 1972 577 2031 greges.
619 1952 679 2018 Ille,
695 1953 744 2028 qui
764 1970 876 2029 semper
889 1971 986 2009 secum
1006 1961 1108 2017 scorta,
1122 1971 1235 2028 semper

290 2033 423 2098 exoletos
439 2051 550 2108 semper
560 2032 642 2108 lupas
656 2030 781 2097 duceret,
796 2039 858 2088 tum
871 2032 1019 2097 neminem,
1034 2031 1085 2088 nisi
1098 2038 1131 2087 ut
1145 2031 1236 2087 virum

290 2111 379 2168 aviro
399 2112 505 2168 lectum
518 2129 580 2167 esse
600 2109 715 2167 diceres.
757 2110 817 2166 Cur
834 2110 921 2187 igitur
942 2111 1032 2168 victus
1056 2111 1121 2166 cst?
1163 2109 1236 2177 Quia

291 2208 349 2246 non
372 2208 484 2266 semper
506 2189 597 2246 viator
619 2206 637 2244 a
658 2187 775 2255 latrone,
799 2207 998 2265 nonnunquam
1017 2189 1102 2245 etiam
1125 2188 1198 2245 latro
1218 2206 1237 2243 a

291 2267 398 2325 viatore
422 2267 575 2335 occiditur;
606 2267 679 2344 quia,
706 2285 877 2342 quamquam
901 2275 1016 2344 paratus
1036 2267 1064 2323 in
1082 2267 1235 2344 imparatos

240 2357 276 2410 25
292 2345 416 2412 Clodius,
432 2353 527 2403 tamen
539 2346 639 2402 mulier
653 2346 788 2403 inciderat
805 2347 833 2402 in
847 2346 929 2403 viros.
971 2353 1017 2404 56.
1040 2345 1101 2402 Nec
1114 2364 1182 2402 vero
1195 2346 1235 2403 sic

290 2431 350 2481 erat
369 2443 495 2501 unquam
517 2444 572 2482 non
592 2431 709 2501 paratus
731 2424 799 2481 Milo
814 2431 912 2481 contra
926 2424 1012 2490 illum,
1030 2432 1063 2481 ut
1087 2442 1143 2482 non
1166 2424 1235 2480 satis

290 2502 348 2559 fere
369 2511 443 2560 esset
456 2509 580 2580 paratus.
622 2502 742 2579 Semper
761 2503 816 2569 ille,
831 2509 860 2559 et
880 2511 1018 2579 quantum
1034 2503 1180 2560 interesset
1200 2502 1234 2560 P.

292 2580 390 2648 Clodii,
405 2599 436 2638 se
460 2581 559 2658 perire,
574 2586 604 2639 et
623 2589 729 2657 quanto
749 2581 788 2638 illi
808 2581 872 2638 odio
886 2588 969 2649 esset,
985 2589 1014 2638 et
1034 2590 1171 2657 quantum
1188 2580 1235 2638 ille

290 2658 417 2727 auderet,
433 2661 584 2736 cogitabat.
627 2659 818 2727 Quamobrem
831 2660 920 2717 vitam
939 2679 1029 2725 suam,
1044 2678 1129 2736 quam
1147 2660 1234 2716 maxi·

240 2749 278 2802 30
291 2736 343 2793 mis
356 2739 479 2814 praemiis
490 2737 663 2815 propositam
677 2746 707 2794 et
720 2757 804 2815 paene
812 2739 955 2795 addictam
964 2739 1080 2805 sciebat,
1091 2756 1236 2814 nunquam

289 2815 318 2872 in
342 2816 496 2892 periculum
529 2817 587 2874 siue
615 2816 748 2893 praesidio
772 2826 801 2873 et
827 2817 886 2874 sine
908 2817 1036 2874 custodia
1060 2816 1234 2894 projiciebat.

290 2893 377 2951 Adde
401 2913 492 2962 casus,
518 2895 592 2953 addc
616 2896 737 2952 incertos
761 2895 852 2952 exitus
877 2913 1037 2973 pugnarum
1058 2895 1235 2972 Martemque

290 2990 476 3041 communem,
490 2973 539 3049 qui
552 2992 630 3050 saepe
640 2973 808 3050 spoliantem
819 2974 880 3050 jam
894 2984 923 3031 et
936 2974 1123 3031 exsultantem
1135 2975 1236 3032 evertit

290 3058 320 3107 ct
333 3051 453 3126 perculit
465 3053 502 3109 ab
513 3051 638 3127 abject03
658 3052 733 3109 adde
748 3052 885 3108 inscitiam
896 3053 998 3130 pransi,
1011 3052 1078 3130 poti,
1092 3053 1235 3110 oscitantis

239 3142 277 3194 35
291 3128 378 3195 ducis,
400 3129 449 3205 qui
472 3149 560 3205 quum
583 3148 601 3186 a
623 3138 705 3207 tergo
728 3131 839 3187 hostem
862 3131 1044 3188 interclusum
1067 3131 1234 3207 reliquisset,

290 3206 358 3264 nihil
371 3208 407 3264 de
425 3208 488 3284 ejus
502 3209 633 3265 extremis
653 3209 802 3266 comitibus
816 3209 957 3286 cogitavit,
972 3209 999 3265 in
1019 3228 1090 3286 quos
1107 3210 1236 3266 incensos

289 3285 331 3342 ira
344 3286 487 3363 vitamque
501 3286 607 3344 domini
620 3286 803 3362 desperantes
818 3307 905 3363 quum
929 3288 1078 3353 incidisset,
1099 3288 1181 3344 haesit
1206 3288 1236 3344 in

289 3363 322 3421 iis
336 3364 437 3441 poenis,
452 3383 523 3441 quas
536 3365 573 3422 eb
587 3384 621 3421 eo
635 3365 708 3422 servi
721 3365 818 3423 fideles
839 3385 891 3441 pro
905 3366 1010 3425 domini
1023 3366 1080 3422 vita
1094 3366 1236 3443 expetive-

289 3449 363 3500 runt.
405 3446 452 3500 57.
475 3443 534 3500 Gur
553 3443 639 3520 igitur
662 3461 711 3500 ecs
730 3445 912 3502 manumisit?
953 3445 1100 3501 Metuebat
1120 3445 1234 3511 scilicet,

239 3528 278 3582 40
289 3538 325 3577 ne
338 3519 500 3587 indicarent,
509 3540 544 3578 ne
558 3521 686 3579 dolorem
700 3523 824 3598 perferre
834 3542 890 3579 non
901 3529 1025 3601 possent,
1039 3541 1075 3580 ne
1088 3523 1237 3580 tormentis

290 3606 457 3675 cogerentur
470 3600 594 3655 occisum
618 3618 679 3657 esse
702 3601 820 3657 aservis
835 3601 946 3661 Milonis
967 3602 996 3658 in
1020 3600 1177 3676 Appiaria
1200 3601 1234 3658 P.

289 3675 421 3737 clodium
437 3677 569 3734 confiteri.
611 3677 687 3745 Quid
703 3697 776 3757 opus
789 3686 834 3737 est
851 3681 979 3737 tortore?
1021 3678 1095 3746 Quid
1109 3678 1236 3755 quaeris?

290 3753 491 3815 Occideritne?
532 3755 650 3813 Occidit.
691 3757 762 3814 Jure
776 3775 812 3813 au
832 3757 956 3834 injuria?
997 3756 1075 3814 Nihil
1089 3757 1126 3814 ad
1147 3766 1236 3816 torto-

287 3852 358 3893 rem.
397 3834 484 3894 Facti‘
492 3834 565 3896 enim
578 3834 608 3895 iu
621 3835 742 3912 equuleo
755 3836 877 3912 quaestio
890 3844 943 3904 est,
954 3836 1027 3914 juris
1040 3834 1069 3891 in
1079 3836 1195 3915 judicio.
