2742 4384
425 287 487 327 rao
500 289 532 327 re
545 288 709 339 uncum,
724 288 792 330 oar.
806 288 889 339 ma
1123 270 1161 333 π

155 435 489 572 minster
500 417 1112 587 numme*

154 574 198 631 ria
218 584 264 632 est
284 575 401 632 illustris
414 593 449 631 ao
470 584 626 652 pervagata
645 595 815 654 magnorum
836 577 880 633 vel
900 577 927 634 in
948 596 1016 633 auoa
1036 594 1111 635 errae

154 654 201 710 vel
214 655 245 710 in
258 654 381 730 patriam
395 653 441 709 vel
451 653 480 710 in
494 672 576 711 omne
589 672 680 732 genus
695 654 839 711 bominum
849 654 925 712 fama
937 655 1108 713 meritorum.

153 731 207 791 IX
250 733 300 790 at.
322 733 397 789 Haeo
411 732 499 809 igitur
512 732 563 790 tibi
575 733 683 809 reliqua
697 751 764 809 pars
777 740 837 790 est:
858 733 903 790 bic
917 742 1006 791 restat
1019 742 1140 801 actm

152 810 183 868 in
195 812 254 869 hoo
267 810 474 869 elaborandum
487 819 540 877 est,
554 820 588 868 ιιι
608 830 668 868 rem
682 811 826 888 publieam
846 813 1001 869 constitum
1019 830 1109 889 eaque

151 897 187 947 tu
199 890 231 947 in
245 890 343 967 primis
356 908 469 945 summa
482 889 683 966 tranquillitate
697 898 727 947 et
740 890 798 947 otio
812 891 984 967 perfruerer
994 900 1055 948 tum
1070 900 1108 957 te,

152 970 177 1026 si
201 970 294 1035 voles,
318 987 406 1045 quum
430 967 541 1044 patrioe,
556 968 633 1044 quod
656 968 754 1033 debes,
777 968 902 1035 solveris,
927 978 956 1027 et
979 978 1108 1027 naturam

150 1047 249 1124 ipsam
272 1046 430 1124 expleveris
451 1046 582 1104 satietate
595 1047 715 1113 vivendi,
736 1047 805 1104 satis
818 1047 868 1104 diu
888 1048 988 1105 uixisse
1012 1047 1106 1106 dieite.

152 1126 232 1195 Quid
246 1126 323 1183 enim
336 1133 381 1183 est
404 1126 518 1182 omnino
538 1125 591 1182 hoe
615 1125 708 1203 ipsum
730 1124 788 1192 diu,
809 1127 915 1202 inquo
938 1138 982 1184 eat
1003 1126 1107 1203 aliquid
1120 1132 1157 1187 10

118 1272 121 1273 ⁷
151 1205 341 1263 extremum?
371 1204 449 1280 quod
472 1222 561 1280 quum
584 1204 668 1270 venit,
693 1205 784 1261 omnis
806 1204 937 1282 voluptas
963 1205 1108 1282 praeterita

150 1304 206 1362 pro
228 1284 317 1341 nihilo
337 1289 390 1349 est,
411 1282 478 1359 quia
499 1291 599 1359 postea
618 1283 696 1339 nulla
716 1292 760 1340 est
784 1284 888 1341 futura
929 1284 1108 1361 Quamquam

150 1363 207 1420 iste
220 1370 291 1419 tuus
305 1361 416 1419 animus
430 1379 574 1438 nunquam
595 1361 640 1418 his
653 1362 799 1440 angustiis,
813 1380 885 1438 quas
904 1372 1006 1420 natura
1027 1363 1107 1421 nobis

151 1442 191 1498 sd
204 1441 360 1498 vivendum
384 1440 474 1506 dedit,
499 1448 648 1497 contentus
669 1440 733 1506 fuit,
754 1459 866 1518 semper
889 1441 1107 1499 immortalitatis

151 1538 250 1578 amore
270 1519 411 1598 flagnarit.
454 1526 502 1577 28.
523 1518 585 1577 Neo
605 1537 672 1576 vero
692 1520 757 1576 brae
776 1528 827 1577 tua
841 1520 898 1577 vita
911 1520 1032 1578 dioenda
1053 1529 1105 1587 est,
1119 1529 1156 1584 lb

151 1617 219 1676 quae
240 1617 361 1676 corpore
373 1606 405 1656 et
427 1598 530 1675 spiritu
542 1597 709 1655 continetur.
750 1598 813 1664 Illa,
837 1598 959 1675 inquam,
980 1599 1029 1657 illa
1048 1600 1107 1657 vita

151 1688 198 1736 est
221 1685 281 1745 tua,
306 1695 372 1754 qnae
394 1677 504 1754 vigebit
523 1676 657 1733 memoria
680 1676 840 1735 seculorum
862 1677 995 1745 omnium,
1040 1696 1107 1737 uam

152 1758 307 1834 posteritas
320 1757 386 1823 alet,
402 1773 491 1832 quam
504 1755 565 1832 ipsa
578 1755 721 1813 aeternitas
735 1773 849 1833 semper
862 1756 996 1813 tuebitur.
1019 1697 1107 1815 (linio

151 1843 186 1892 tn
205 1837 351 1902 inservias,
375 1836 442 1892 huie
466 1842 497 1891 te
520 1841 644 1892 ostentae
666 1842 791 1911 oportet,
811 1853 877 1911 quie
898 1834 1021 1911 quidem,
1042 1853 1107 1910 quae

151 1915 280 1982 miretur,
304 1913 476 1992 jampridem
497 1913 587 1970 multa
610 1913 707 1979 babet,
721 1932 796 1970 nune
816 1915 902 1971 etiam
925 1932 990 1989 que
1010 1912 1156 1977 andelao

151 2000 310 2071 exspectat
352 1992 564 2068 Obstupesoent
582 1991 690 2069 posteri
703 2000 780 2049 certe
799 1992 925 2071 imperia,
941 1991 1106 2069 provincias,

151 2073 298 2140 Rhenum,
314 2072 469 2138 Ooeannm,
485 2070 591 2137 Nilum,
607 2089 720 2149 pugnas
743 2071 967 2138 innumerabiles,
989 2070 1105 2147 incredi-

151 2152 224 2211 biles
245 2152 386 2217 viotoriaa,
411 2157 603 2216 monumenta,
627 2168 754 2218 munera,
778 2149 937 2227 triumphos
960 2149 1106 2207 audientes

151 2238 182 2288 et
204 2232 337 2309 legentes
359 2238 434 2286 tuos.
487 2234 534 2287 29.
566 2227 625 2285 Sed
646 2228 699 2286 nisi
721 2229 786 2286 baee
809 2230 879 2286 urbs
902 2229 1026 2286 stabilita
1050 2229 1106 2285 tuis

151 2310 274 2368 consiliis
287 2316 317 2366 et
330 2307 465 2366 institutis
479 2307 539 2373 erit,
548 2307 699 2385 vagabitur
710 2308 798 2365 modo
811 2326 913 2365 nomen
926 2315 1008 2365 tunm
1022 2307 1105 2384 longe
1116 2317 1154 2372 ιι

150 2386 479 2526 pltqbqq'tlatofiritsedqem
493 2386 694 2522 stabileurpmet
720 2386 891 2522 domiciliupn
915 2396 1107 2522 wnilde&

172 2487 190 2524 a
248 2488 258 2524 1
404 2483 590 2523 mreose
658 2483 1061 2532 ,urnasoennr,arcutn

150 2565 204 2604 nos
227 2547 294 2613 fuit,
317 2563 424 2623 magna
446 2544 591 2611 dissensio,
606 2485 705 2620 qunrdl
715 2543 762 2602 alii
784 2544 915 2605 budibua
939 2543 976 2601 ad
1000 2543 1106 2602 coelum

151 2645 197 2683 res
210 2633 278 2684 tuas
292 2631 390 2703 gestas
403 2624 529 2690 efferent,
543 2623 590 2681 alii
602 2623 723 2681 fortasse
737 2622 842 2699 aliquid
856 2622 1005 2700 requirent,
1019 2623 1105 2700 idque

151 2705 198 2762 rel
224 2704 391 2770 maximum,
419 2702 473 2760 nisi
499 2702 565 2760 belli
592 2702 679 2760 civilis
706 2701 866 2759 incendium
890 2702 981 2759 salute
1004 2702 1154 2779 petriano

151 2782 330 2842 restinxeris:
352 2789 386 2839 ut
399 2781 470 2839 illud
483 2781 534 2838 fati
546 2781 633 2838 iuius
646 2781 785 2846 videatur,
800 2779 855 2837 hoo
870 2780 984 2837 consilii.
1025 2779 1106 2837 Servi

151 2862 239 2941 igitur
259 2862 294 2919 iis
317 2862 404 2919 etiam
425 2859 579 2937 judicibus,
601 2860 649 2937 qui
673 2859 770 2917 multis
798 2866 865 2936 post
889 2859 991 2917 seequ
1015 2858 1051 2916 de
1075 2866 1105 2916 te

149 2941 321 3018 judicabunt
334 2948 364 2997 et
378 2939 493 3017 quidem
506 2938 584 2995 hand
598 2939 655 2996 seio
670 2957 707 2994 an
725 2937 922 3014 incorruptius,
936 2956 1022 3014 qnam
1036 2954 1104 2995 nos:

151 3038 218 3077 nam
234 3026 265 3077 et
285 3019 344 3076 sine
358 3036 456 3075 amore
470 3024 499 3074 et
519 3017 579 3074 sine
593 3017 749 3094 eupiditate
763 3024 793 3073 et
812 3034 909 3073 rursus
923 3017 982 3074 sine
996 3016 1061 3074 odio
1075 3022 1106 3074 et

152 3099 211 3156 aine
225 3098 331 3155 invidia
348 3097 527 3174 judicabunt.
569 3101 616 3154 30.
638 3095 673 3153 Id
688 3103 784 3153 autem
798 3095 920 3153 etiamsi
933 3103 995 3152 tum
1014 3094 1051 3152 ad
1066 3103 1103 3163 te,
1115 3107 1153 3161 35

151 3185 185 3234 ut
198 3176 319 3254 quidam
330 3176 403 3234 falso
417 3182 529 3252 putant,
543 3193 603 3232 non
616 3174 782 3252 pertinebit:
804 3192 878 3230 nunc
893 3181 969 3231 certe
984 3173 1106 3252 pertinet

151 3274 215 3314 esse
230 3265 261 3312 te
274 3255 371 3323 talem
385 3262 419 3313 ut
439 3261 505 3311 tuas
524 3252 623 3312 laudes
637 3253 823 3312 obscuratura
839 3252 918 3311 nulla
930 3271 1056 3330 unquam
1069 3251 1107 3311 sit

151 3333 265 3394 oblivio.

137 3426 139 3435 '
192 3413 229 3474 X.
251 3412 379 3472 Diversae
392 3411 555 3469 voluntates
567 3410 671 3468 uirium
691 3411 807 3469 fuerunt
830 3409 1029 3487 distractaeque
1043 3428 1105 3468 sen·

151 3491 261 3552 tentiae.
313 3491 380 3549 Non
405 3491 481 3548 enim
504 3489 623 3547 eonsffin
645 3488 739 3547 solum
762 3495 791 3547 et
814 3489 923 3556 studiis,
947 3490 998 3547 sed
1021 3489 1155 3555 armisto

152 3569 240 3631 etiam
253 3576 284 3627 et
297 3570 396 3628 eastris
405 3567 621 3636 dissidebamus,
630 3574 693 3625 erat
706 3566 780 3625 enim
790 3566 946 3626 obscuritas
956 3566 1105 3645 quaedam:

47 3686 54 3697 ·
152 3656 215 3707 erat
238 3655 383 3707 certamen
405 3647 481 3705 inter
503 3646 671 3704 clarissimos
696 3645 798 3703 duces:
823 3645 904 3703 multi
928 3645 1105 3715 dubitabant,

172 3727 222 3785 uid
244 3728 384 3806 optimum
398 3732 484 3793 esset,
498 3724 581 3783 multi
600 3725 669 3801 quid
689 3724 743 3783 sibi
764 3724 917 3802 expediret,
931 3724 1014 3782 multi
1037 3724 1107 3802 quid

152 3747 277 3878 deceret,
300 3805 434 3866 nonntdli
456 3804 543 3863 etiam
566 3803 762 3944 quid⁷lioeret
804 3809 851 3863 al.
881 3803 1039 3862 Periunota
1060 3820 1107 3862 res
