2742 4384
611 20 619 55 l

453 52 465 111 l

434 54 556 196 “5²³
579 32 722 277 illc]

188 283 230 342 44
620 295 728 340 osane
747 296 789 341 ιν.

236 427 299 486 haec
322 427 385 505 ipsa
398 433 427 486 et
447 426 503 485 hoc
517 446 666 485 commune
687 426 786 504 patriae
804 427 896 486 solum
916 445 1005 504 quum
1018 425 1056 485 sit
1078 444 1184 496 mmm,

196 564 213 573 „
236 512 300 564 tum
310 526 377 565 vero
391 506 474 564 dulce
489 513 574 582 atquc
586 507 767 583 jucundum?

277 586 362 644 VIII.
385 586 488 662 Operoe
502 585 625 661 pretium
638 592 690 651 est,
705 585 806 643 Patres
820 585 978 661 conscripti,
993 584 1185 644 libertinorum

235 663 380 722 homiuum
390 663 484 722 studia
498 682 681 740 cognoscere3
702 664 751 741 qui
761 682 813 721 sua
826 664 929 721 virtute
943 664 1085 721 sedunam
1098 663 1185 740 hujus

209 742 355 821 &ciuitatis
378 742 603 811 consecuti,vere
627 743 700 801 hanc
720 761 801 799 suam
821 742 942 819 patriam
965 761 1028 799 esse
1045 742 1184 818 judicant,

225 824 322 898 (quam
345 822 460 898 quidam
482 821 528 878 hic
550 821 610 878 nati
634 828 664 878 et
684 839 795 878 summo
818 822 877 878 nati
899 822 962 878 loco
985 840 1042 878 non
1065 820 1185 896 patriam

237 919 328 968 suam,
340 901 390 958 sed
405 900 504 958 urbem
518 900 642 956 hostium
655 918 717 957 esse
728 899 934 977 judicavenmt.
946 908 952 955 l
977 899 1035 957 Sed
1046 899 1114 975 quid
1129 918 1185 976 ego

236 979 356 1056 hujusce
370 979 473 1037 ordinis
483 978 610 1034 homines
625 997 823 1045 commemoro,
838 997 910 1054 quos
924 977 1041 1054 privatae
1051 978 1183 1044 fortunae,

237 1076 308 1133 quos
323 1058 477 1116 communis
491 1075 536 1114 res
556 1058 679 1133 publice,
695 1075 766 1133 quos
785 1056 905 1133 denique
919 1058 1041 1123 libertas,
1060 1075 1102 1123 ea,
1117 1074 1184 1131 quae

190 1136 399 1193 10dulcissima
413 1144 465 1203 est,
480 1136 517 1192 ad
538 1135 659 1193 salutem
681 1135 781 1212 patriae
801 1134 1007 1192 defendendam
1029 1134 1184 1193 excitavit?

237 1214 343 1271 Servus
357 1222 401 1271 est
413 1210 562 1290 nemofqui
576 1214 661 1271 modo
675 1213 813 1271 tolerabili
821 1214 978 1271 conditione
988 1214 1025 1271 sit
1032 1213 1184 1280 servitutis,

237 1293 285 1369 qui
295 1312 351 1350 non
361 1293 507 1350 audaciam
516 1293 619 1350 civium
630 1293 827 1369 perhorrescat
834 1312 841 1360 ;
856 1293 968 1368 quinon
977 1293 1040 1350 haec
1051 1301 1126 1349 stare
1136 1311 1184 1348 cu·

237 1372 316 1448 piat3
338 1372 388 1448 qui
398 1390 453 1428 non
462 1378 597 1447 quantum
612 1371 701 1428 audet
714 1378 744 1428 et
757 1379 892 1448 quantum
904 1378 999 1447 potest
1013 1371 1138 1428 conferat
1147 1370 1184 1427 ad

238 1469 416 1507 communem
424 1449 544 1507 salutem
552 1450 719 1507 voluntatis.
757 1451 802 1507 17.
817 1450 911 1517 Quare
926 1449 948 1505 si
962 1469 1046 1525 quem
1060 1456 1185 1508 vestrum

110 1580 113 1583 ,
191 1524 309 1586 ld'forte
321 1537 480 1586 commovet
488 1528 632 1604 hoc,quod
640 1528 769 1585 auditum
777 1535 821 1586 est
829 1527 1103 1604 lenonemquendam
1112 1528 1184 1584 Len·

147 1627 176 1637 ¹·
237 1606 461 1663 tuliconcursare
470 1606 575 1663 circum
584 1608 722 1673 tabernas,
732 1607 822 1683 pretio
830 1625 944 1682 sperare
953 1606 1094 1663 sollicitari
1102 1624 1185 1682 posse

237 1685 345 1742 animos
356 1685 500 1763 egentium
514 1692 600 1760 atque
613 1685 816 1762 imperitorum,
828 1693 871 1741 est
884 1684 913 1740 id
928 1684 1041 1761 quidem
1056 1690 1184 1761 coeptum

236 1770 323 1839 atque
332 1771 473 1821 tentatum
484 1782 490 1829 ;
505 1763 555 1820 sed
566 1763 634 1820 nulli
643 1764 826 1835 suntinventi
840 1770 899 1820 tam
908 1773 959 1820 aut
972 1763 1085 1819 fortuna
1092 1761 1186 1820 miseri

237 1852 287 1899 aut
297 1842 442 1899 voluntate
457 1841 566 1919 perditi,
576 1843 624 1918 qui
638 1838 786 1899 nonstdlum
798 1842 891 1919 ipsum
903 1841 980 1898 sellae
993 1849 1078 1917 atque
1092 1841 1185 1918 operis

189 1925 227 1978 20
237 1927 266 1977 et
289 1929 417 1997 quaestus
439 1921 594 1997 quotidiani
613 1922 715 1988 locum,
738 1921 787 1997 qui
806 1940 862 1978 non
883 1920 974 1978 cubile
994 1939 1026 1976 ac
1047 1920 1185 1977 lectulum

237 2018 328 2066 suum,
337 2001 385 2076 qui
397 2000 518 2076 denique
528 2018 584 2056 non
595 2019 708 2056 cursum
718 2000 792 2057 hunc
800 2000 921 2056 otiosum
929 1999 995 2057 vitae
1005 2018 1064 2055 suae
1074 1999 1185 2055 salvum

237 2096 299 2136 esse
313 2080 407 2137 velint.
437 2079 529 2135 Multo
543 2097 609 2135 vero
623 2078 744 2134 maxima
758 2097 823 2154 pars
837 2096 942 2143 eorum,
957 2078 1006 2154 qui
1019 2078 1047 2134 iu
1060 2077 1185 2135 tabernis

238 2165 312 2223 sunt,
338 2158 389 2214 nisi
413 2177 479 2215 vero
504 2155 545 2236 (id
569 2157 641 2213 enim
662 2157 757 2232 potius
779 2164 824 2214 est
846 2156 1008 2232 dicendum)
1026 2175 1116 2233 genus
1129 2157 1185 2213 hoc

237 2236 399 2294 unIversum
413 2236 632 2293 amantissimum
647 2244 690 2293 est
700 2236 755 2293 otii.
797 2236 909 2293 Etenim
923 2254 1004 2292 omne
1018 2235 1184 2290 instrumen-

189 2320 226 2375 25
237 2321 308 2382 tum,
324 2317 413 2372 omnis
427 2334 513 2391 opera
534 2322 619 2391 atque
633 2323 762 2390 quaestus
783 2314 942 2390 frequentia
953 2314 1054 2370 civium
1074 2321 1182 2370 susten-

238 2401 323 2460 tatur,
351 2394 435 2451 alitur
462 2394 534 2451 otio:
563 2413 683 2470 quorum
711 2394 735 2451 si
761 2401 886 2469 quaestus
900 2386 1033 2449 tbcclusis
1060 2390 1184 2449 tabernis

237 2471 325 2528 minui
338 2472 417 2539 solet,
422 2466 500 2548 ’quid
516 2471 631 2529 tandem
644 2471 763 2535 incensis
776 2472 904 2529 futurum
918 2471 995 2528 fuit?

278 2550 328 2606 IX.
373 2557 417 2607 18.
444 2551 515 2618 Quae
538 2569 626 2626 quum
650 2550 690 2607 ita
713 2551 776 2617 sint,
800 2550 902 2607 Patres
924 2548 1081 2625 conscripti,
1104 2548 1184 2605 vobis

238 2628 337 2705 populi
351 2628 471 2684 Romani
485 2628 678 2704 praesidianon
687 2629 805 2687 desunt:
827 2648 877 2685 vos
886 2648 920 2686 ne
936 2629 1041 2705 populo
1056 2628 1184 2684 Romano

190 2717 228 2770 30
239 2707 337 2786 deesse
352 2706 509 2772 videamini,
522 2706 675 2782 providete.
717 2708 837 2766 Habetis
851 2707 994 2764 consulem
1009 2727 1043 2764 ex
1059 2705 1184 2781 plurimis

238 2786 368 2863 periculis
393 2793 421 2843 et
443 2785 547 2842 insidiis
569 2795 654 2862 atque
677 2805 714 2850 en
737 2786 829 2843 media
850 2794 941 2843 morte
965 2806 1020 2843 non
1040 2784 1076 2840 ad
1098 2785 1184 2841 vitam

239 2883 328 2931 suam,
343 2864 393 2921 sed
415 2863 453 2920 ad
473 2864 593 2921 salutem
606 2871 730 2921 vestram
751 2874 941 2931 reservatum
962 2883 1059 2921 omnes
1073 2863 1184 2920 ordInes

238 2943 275 2999 ad
300 2942 521 3000 conservandam
540 2961 600 2999 rem
625 2935 889 3020 publieamlmente,
905 2943 1058 3007 voluntate,
1080 2941 1183 3008 studio,

238 3021 350 3088 virtute,
371 3040 441 3097 voce
465 3020 657 3088 consentiunt3
678 3021 804 3095 (obsessa
826 3022 935 3080 facibus
957 3030 987 3079 et
1005 3022 1067 3078 telis
1090 3020 1185 3096 impiae

190 3111 226 3164 35
239 3099 436 3176 conjurationis
449 3100 529 3157 vobis
543 3100 664 3177 supplex
678 3120 778 3158 manus
795 3100 885 3158 tendit
906 3101 996 3177 patria
1010 3099 1165 3156 communis
1176 3119 1188 3178 ;⁸

238 3179 316 3236 vobis
331 3197 370 3245 se,
385 3179 465 3236 vobis
479 3178 566 3235 vitam
580 3180 704 3237 omnium
725 3179 834 3245 civium,
849 3179 928 3235 vobis
943 3197 1036 3236 arcem
1050 3185 1079 3234 et
1100 3176 1184 3253 Capi·

238 3257 345 3323 tolium,
373 3257 453 3315 vobis
480 3276 544 3313 aras
570 3257 729 3324 Penatium,
755 3257 834 3316 vobis
861 3258 954 3335 ignem
981 3257 1059 3314 illum
1087 3257 1186 3312 Vestae

238 3336 448 3412 sempiternum,
463 3336 544 3393 vobis
564 3336 657 3392 omnia
677 3337 795 3394 deorum
819 3336 925 3414 templa
949 3344 1034 3412 atque
1055 3334 1183 3400 delubra,

237 3415 316 3472 vobis
330 3433 425 3470 muros
440 3423 469 3472 et
483 3414 560 3471 urbis
575 3422 650 3472 tecta
664 3415 850 3473 commendat.
886 3416 1029 3472 Praeterea
1039 3413 1076 3470 de
1090 3421 1185 3470 vestra

189 3491 303 3558 40vita,
325 3493 361 3549 de
383 3492 536 3570 conjugum
557 3501 714 3549 vestrarum
736 3502 820 3569 atque
842 3493 994 3551 liberorum
1021 3493 1121 3571 anima,
1148 3491 1184 3549 de
1207 3516 1209 3521 ’
1243 3489 1258 3501 ’

161 3594 165 3599 ’
237 3570 357 3628 fortunis
378 3571 510 3635 omnium,
525 3569 562 3627 de
576 3572 699 3637 sedibus,
714 3571 751 3628 de
775 3572 843 3637 focis
861 3572 961 3629 vestris
982 3571 1118 3628 hodierno
1138 3570 1184 3629 die

237 3648 317 3707 vobis
349 3648 534 3726 judicandum
562 3657 612 3706 est.
670 3657 716 3708 19.
751 3651 871 3707 Habetis
899 3651 1002 3707 ducem
1029 3668 1184 3706 memorem

237 3727 330 3796 vestri,
345 3726 465 3785 oblitum
479 3726 610 3803 animum
623 3747 678 3787 non
693 3747 804 3805 semper
816 3729 936 3786 facultas
951 3729 1035 3786 datur
1043 3747 1051 3805 3
1072 3728 1185 3785 habetis

237 3824 334 3866 omncs
347 3804 468 3876 ordines,
488 3824 586 3864 omnes
599 3806 735 3875 homines,
750 3807 911 3866 universum
925 3807 1064 3885 populum
1077 3807 1184 3865 Roma-
