2742 4384
164 380 317 502 {florinus
328 436 357 468 ae
368 420 430 468 miii
441 420 539 484 quidem
550 420 654 469 videtur.
672 407 817 483 Opinionem
827 436 884 469 cum
895 421 1001 483 quadam
1012 423 1164 470 conclusione

215 496 322 560 adjungit
333 500 478 546 continuatae
489 500 523 546 rei
534 500 677 560 expositioni.
711 499 794 555 Hand,
806 500 820 546 i.
832 498 887 546 503.

247 575 828 641 4³.color,ocu11‚vultus,tsorturn1tas.
869 576 894 623 A
915 577 1057 639 peculiarity
1077 578 1102 625 in
1121 578 1163 626 the

213 655 378 714 punctuation,
391 653 471 701 which
483 652 566 708 Orelli,
578 653 658 700 whose
670 658 721 699 text
738 654 756 699 is
767 654 824 699 here
840 655 920 715 gisen
932 654 1024 716 adopts,
1036 655 1083 702 will
1100 655 1163 703 heve

213 731 274 777 hoen
286 730 364 777 before
376 730 479 777 noticed.
512 730 598 777 Words
610 745 650 778 are
660 732 728 777 osten
745 730 825 791 paired
837 746 864 777 or
874 732 980 793 grouped
992 732 1072 780 which
1083 731 1163 779 would

213 821 279 853 seem
291 813 315 854 to
327 809 417 868 require
428 809 561 868 separation
573 808 605 868 by
614 822 729 854 commas
762 807 888 855 Attention
901 810 920 855 is
930 809 988 855 here
995 809 1075 857 called
1086 816 1110 856 to
1121 810 1163 856 the

213 885 279 945 point
290 885 334 931 lest
351 884 392 930 the
404 885 500 932 student
511 884 596 932 should
606 899 707 946 suppose
726 885 780 931 that
796 884 862 931 oculi
879 885 927 933 and
943 885 1029 933 onitas
1039 902 1081 934 ars
1097 888 1163 951 geui-

214 962 282 1016 tives,
293 977 320 1007 as
331 960 415 1009 vulsas
426 963 445 1008 is
456 963 583 1023 cerelessly
594 977 619 1008 so
630 962 724 1023 printed
735 963 759 1008 in
771 961 812 1009 the
826 961 926 1025 English
937 977 1009 1024 copy.

163 1038 206 1107 32
251 1042 281 1085 1.
299 1037 379 1084 Inter
395 1049 424 1083 se
442 1038 638 1094 adspiclebnut,
655 1044 671 1067 “
682 1037 768 1085 looksd
780 1045 807 1085 at
818 1038 877 1085 ecci
889 1039 980 1087 otier.''
1014 1039 1047 1087 So
1059 1041 1126 1088 inter
1137 1056 1163 1088 se

215 1115 329 1178 diligere,
343 1115 391 1163 die.
425 1116 458 1162 So
477 1114 535 1163 Nat.
547 1114 579 1162 D.
592 1118 615 1171 l,
626 1117 668 1171 44,
681 1114 740 1162 1222
757 1117 801 1178 qui
819 1116 891 1164 nulia
903 1132 930 1164 re
941 1124 1042 1179 egentes
1054 1125 1079 1165 et
1098 1120 1164 1165 inter

213 1208 239 1239 se
252 1193 372 1255 diligunt.
405 1193 463 1240 Lael.
480 1193 520 1249 22,
532 1193 577 1241 82:
594 1208 670 1256 neque
688 1193 767 1241 solum
784 1194 861 1241 colent
879 1197 944 1242 inter
960 1210 986 1242 se
1003 1210 1032 1242 ac
1049 1194 1163 1258 diligent.

214 1270 413 1382 21111911Ρῶ
431 1334 622 1391 Prinprlbus.
658 1333 697 1396 By
708 1335 755 1382 this
766 1351 804 1383 we
816 1351 875 1398 may
886 1336 1035 1384 understand
1051 1337 1093 1384 the
1105 1352 1163 1384 con-

213 1413 261 1459 suls
273 1414 342 1468 elect,
354 1414 499 1468 consulares,
511 1411 558 1458 aud
570 1419 672 1473 pretore.
707 1413 747 1460 On
758 1414 800 1460 the
818 1413 886 1460 order
906 1414 930 1460 in
942 1414 1023 1462 which
1042 1414 1083 1461 the
1094 1429 1163 1475 ques·

213 1492 262 1539 tion
276 1507 325 1539 was
336 1497 379 1552 put
391 1497 414 1537 to
426 1491 467 1538 tho
477 1496 593 1545 senators,
605 1506 645 1537 seo
658 1489 728 1537 Diet.
739 1490 832 1553 Antip,
845 1491 964 1539 Seuerus

246 1570 278 1617 6.
296 1568 362 1613 Sine
379 1568 441 1613 ulls
460 1567 608 1614 varietate·
643 1566 713 1616 “Pro
733 1568 799 1615 Sext
815 1568 857 1624 34,
870 1570 915 1616 74:
932 1583 1007 1631 qaum
1018 1567 1093 1629 fieret
1109 1569 1162 1616 eine

213 1645 268 1693 ulla
286 1648 404 1693 uarietate
425 1645 549 1701 discessio,
561 1645 575 1691 i.
583 1660 603 1692 o.
614 1660 689 1706 quum
701 1647 726 1693 in
737 1645 849 1693 eamdem
865 1660 949 1693 omnes
959 1648 1056 1694 omuino
1066 1653 1163 1694 senten·

121 1750 125 1771 ι
214 1728 272 1772 tiam
285 1722 455 1770 discederent.”
489 1720 526 1769 M.

250 1802 302 1848 14.
320 1805 344 1848 Α
360 1799 460 1845 suiset
477 1799 520 1844 rel
536 1799 655 1856 publlcae
672 1800 809 1846 consiliis.
844 1798 956 1846 Consilia
968 1801 1004 1847 rei
1012 1798 1119 1862 publice
1132 1819 1161 1840 =

214 1878 317 1927 connlia
335 1877 365 1925 de
382 1876 524 1940 republica,·
543 1892 570 1923 as
587 1876 688 1923 demum
704 1877 785 1939 opinio
799 1896 827 1917 =
840 1877 917 1938 opinio
928 1876 958 1924 de
974 1877 1024 1924 diis
1058 1876 1116 1924 Nat
1132 1876 1163 1933 D,

215 1960 238 2012 1,
252 1956 290 2011 12,
302 1958 332 2003 in.
343 1955 367 2011 2,
380 1957 403 2010 5,
416 1957 446 2002 in.
457 1955 482 2013 3,
495 1956 518 2010 7,
531 1956 562 2002 in.
574 1954 648 2001 Tusc-
662 1956 683 2010 1,
698 1954 737 2009 13,
748 1954 798 2014 3ος
814 1955 917 2016 questio
934 1956 1077 2010 animorum,
1089 1953 1163 2001 Tusc.

215 2037 238 2091 l,
253 2036 292 2090 ll,
303 2033 334 2080 23
348 2054 377 2075 =
390 2048 428 2094 qu.
447 2031 475 2079 de
491 2033 588 2079 animis.
621 2030 781 2079 AEtnensium
798 2033 886 2086 oratic,
903 2030 969 2078 Verr.
979 2031 1004 2087 3,
1015 2033 1056 2087 44,
1074 2031 1119 2078 106
1132 2048 1161 2070 =

214 2110 465 2158 cr.deAEtneusibns.
500 2108 536 2156 Μ.
570 2108 683 2157 Benecke
704 2110 801 2170 prefers,
819 2124 942 2177 mensures
958 2124 984 2156 or
1001 2109 1070 2170 plens
1082 2109 1163 2157 which

122 2230 124 2235 .
214 2190 255 2237 tho
267 2194 329 2235 state
341 2188 389 2235 had
401 2187 503 2248 adopted
514 2188 550 2234 ior
561 2187 602 2234 tho
613 2188 762 2247 suppression
774 2187 801 2233 of
810 2187 851 2234 tho
864 2188 1012 2248 conspiracy.

250 2267 302 2313 16.
320 2267 354 2310 ln
374 2265 535 2312 custodiam.
569 2265 609 2312 Eis
624 2263 714 2319 ἄδεσμον
728 2265 833 2320 φυλακὴν,
851 2263 914 2311 Plut
930 2279 951 2311 c.
965 2263 1003 2319 19,
1015 2263 1095 2311 which
1112 2279 1164 2311 wos

214 2345 292 2392 called
303 2342 380 2390 libere
393 2342 512 2389 custodia.
546 2343 604 2390 Sall.
616 2359 637 2391 c.
647 2345 694 2391 47:
712 2342 771 2389 Sen.
784 2342 900 2397 decernit,
912 2342 951 2388 uti
962 2339 1094 2387 abdicatus
1110 2356 1162 2388 mn-

213 2424 326 2484 gistratu
339 2408 469 2477 Lentulus,
482 2422 541 2468 item
553 2423 636 2476 ceteri,
648 2422 674 2468 in
687 2420 772 2468 liberis
783 2419 903 2467 custodiis
921 2418 1075 2466 iuberentur.
1108 2417 1163 2465 Ita-

215 2514 260 2562 que
277 2497 402 2547 Lentulus
418 2496 451 2546 Ρ.
467 2497 574 2546 Lentulo
594 2498 732 2561 Spintheri,
752 2499 794 2560 qui
812 2503 864 2544 tum
883 2496 973 2551 edilis,
987 2495 1114 2558 Cethegus
1133 2495 1163 2555 Q.

217 2575 356 2637 Cornificio,
370 2575 493 2623 Statilius
507 2575 534 2623 0.
546 2575 650 2630 Generi,
664 2575 787 2622 Gabinius
798 2573 832 2621 M.
844 2573 941 2630 Crasso,
952 2573 1083 2635 Caeparius
1095 2578 1163 2633 (narn

216 2656 239 2701 is
247 2654 324 2716 poulo
333 2662 389 2701 anie
398 2670 429 2700 ee
435 2653 504 2715 fage
513 2652 647 2710 retractus)
659 2651 704 2699 Gn.
716 2651 829 2698 Terentio
841 2652 950 2698 senatori
962 2649 1103 2697 traduntur.
1127 2650 1162 2698 M.

251 2733 304 2776 19.
322 2731 365 2776 Ad
380 2730 569 2775 sollicitandos
587 2729 723 2786 pastores.
759 2729 890 2791 Gaeparius
910 2727 1107 2782 Tarracinensis,
1119 2729 1162 2789 qui

215 2809 242 2855 in
259 2805 380 2869 Apuliam
396 2805 429 2852 ad
446 2805 594 2852 concitanda
610 2807 713 2853 servitia
728 2805 853 2868 proficisci
876 2804 981 2868 parabat
992 2839 998 2852 .
1010 2839 1016 2852 .
1028 2839 1034 2852 .
1045 2837 1051 2851 .
1064 2808 1162 2868 cognito

216 2883 307 2932 indicio
320 2899 350 2929 ex
362 2881 420 2929 urbe
430 2882 585 2946 profugerat.
619 2881 677 2929 Sall.
688 2883 728 2930 46.
761 2882 797 2931 M.

250 2961 304 3009 20.
323 2961 370 3006 Ex
382 2959 418 3003 lis
430 2959 542 3013 colonis,
555 2971 631 3015 quos·
666 2959 738 3008 Klotz
749 2960 818 3009 reads
830 2977 860 3008 ee
872 2962 905 3008 iis
916 2961 1025 3017 somniis,
1038 2975 1106 3023 quas.

250 3039 304 3085 24.
322 3036 486 3084 Perductos.
521 3036 905 3093 Sall.40,usesthesamoword.
939 3038 975 3085 M.

250 3118 304 3164 21.
331 3116 437 3160 Novem
457 3113 597 3158 hominum
619 3115 871 3171 perditissimorum
895 3126 980 3171 mun.
1026 3114 1092 3177 Only
1108 3115 1161 3177 fiee

147 3215 149 3219 ¹
215 3193 376 3242 weresoized.
408 3191 446 3239 Cs.
458 3190 510 3238 Cic.
519 3206 565 3254 pro
578 3190 661 3248 Sulis,
674 3194 713 3248 ll,
725 3192 771 3240 33:
789 3191 854 3240 Meis
865 3194 983 3248 consiliis,
995 3195 1056 3240 meis
1073 3193 1162 3241 labori-

216 3268 269 3325 bus,
281 3271 330 3316 mei
349 3271 440 3332 eapitis
457 3270 585 3332 periculis,
606 3271 659 3316 sine
680 3270 797 3325 tumultu,
816 3272 869 3317 sine
887 3270 992 3326 delectu,
1009 3272 1061 3317 sine
1077 3273 1162 3328 annis,

215 3349 267 3395 sine
288 3348 407 3402 exercitu,
428 3349 533 3409 quinque
550 3346 689 3395 hominibus
705 3346 883 3409 comprehensis
894 3354 967 3410 atque
985 3347 1111 3408 confossis,
1123 3350 1161 3396 in-

216 3426 325 3472 censione
343 3422 434 3481 urbem,
446 3426 608 3473 internecione
621 3427 695 3481 ciues,
707 3426 825 3472 vastitate
843 3424 956 3481 Italiam,
968 3427 1072 3472 interita
1088 3441 1161 3489 remp.

216 3500 326 3549 liberavi.
360 3500 395 3548 M.

250 3579 304 3625 29.
323 3578 503 3634 snpplicatio·
538 3578 585 3626 See
597 3578 664 3626 Dici.
677 3577 769 3641 Antip,
782 3579 951 3627 Surrmcarro.

249 3659 305 3703 31.
334 3656 418 3710 Quod
437 3656 508 3700 mihi
527 3656 854 3712 primum....contlgit.
888 3655 957 3704 Phil.
974 3656 998 3713 2,
1011 3656 1034 3713 6,
1048 3659 1098 3705 init.
1132 3656 1161 3705 L.

218 3733 300 3789 Gutta,
320 3734 359 3780 vir
377 3747 468 3779 surnnro
489 3733 589 3794 ingenio
606 3747 748 3794 summaque
763 3732 907 3796 prudentie,
927 3732 1001 3782 rebus
1023 3736 1056 3782 iis
1072 3736 1161 3796 gestis,

216 3825 278 3874 quas
299 3816 327 3858 tu
346 3808 513 3874 reprehendis,
530 3809 735 3873 supplicationem
756 3809 866 3857 decreuit
886 3809 966 3858 serbis
985 3810 1145 3875 amplissimis
