2742 4384
705 354 812 397 oasam

282 483 460 562 oppidorum,
475 502 540 561 qnae
554 484 639 542 ceteri
653 484 781 543 tollenda
793 503 856 542 esse
870 484 1049 552 arbitrantur,
1064 503 1098 543 ea
1115 484 1168 545 sibi
1181 486 1229 545 ille

281 583 317 620 ne
330 563 446 620 visenda
459 564 573 640 quidem
589 565 764 622 existimavit.
807 571 852 621 41.
876 565 976 641 Itaque
997 584 1093 622 omnes
1108 584 1181 622 nunc
1202 567 1230 622 in

280 643 314 700 iis
337 642 405 699 locis
430 641 481 699 Cn.
505 643 674 720 Pompeium
698 644 771 700 sicut
794 643 916 719 aliquem
937 662 996 700 non
1019 662 1053 700 ex
1081 644 1134 700 hac
1158 647 1230 702 urbe

280 721 407 788 missum,
428 721 480 778 sed
502 721 538 778 de
561 723 634 783 coelo
656 722 805 798 delapsum
829 722 989 789 intuentur;
1014 742 1088 779 nunc
1109 723 1229 799 denique

242 805 272 857 ηδ
280 800 416 877 incipiunt
435 800 558 866 credere,
581 802 666 858 fuisse
691 802 819 858 homines
841 802 984 858 Romanos
1010 803 1063 859 hac
1085 802 1229 878 quondam

281 878 456 965 capiti-offitia,
478 880 555 956 quod
567 880 626 957 jam
641 881 800 938 nationibus
814 882 916 937 exteris
937 881 1098 938 incredibile
1108 900 1141 937 ac
1156 881 1228 937 falso

279 959 422 1016 memoriae
436 959 580 1036 proditum
593 959 751 1017 videbatur.
780 959 863 1016 Nunc
877 960 985 1035 imperii
995 960 1079 1016 vestri
1094 960 1229 1035 splendor

139 1097 156 1115 r
279 1037 333 1094 illis
346 1038 478 1115 gentibus
492 1038 583 1104 lucet;
605 1057 678 1094 nunc
694 1037 853 1114 intelligtmt
867 1058 922 1094 non
932 1038 990 1095 sine
1005 1057 1091 1095 causa
1105 1038 1227 1114 majores

174 1168 179 1179 ‚
280 1135 346 1173 sues
370 1124 440 1182 tum,
463 1135 551 1193 quum
575 1134 609 1172 ea
632 1118 817 1193 temperantia
839 1116 1019 1193 magistratus
1041 1117 1225 1183 habebamus,

104 1182 207 1255 ··‘¹¹·l.
234 1196 382 1252 lOservire
397 1195 503 1272 populo
517 1195 646 1252 Romano
658 1214 744 1271 quam
759 1195 897 1270 imperare
911 1195 970 1251 aliis
984 1196 1124 1252 maluisse.
1159 1196 1225 1252 Jam

279 1293 346 1331 vero
360 1274 399 1330 ita
412 1274 508 1331 faciles
522 1274 616 1330 aditus
630 1273 667 1329 ad
687 1292 753 1330 eum
767 1260 1008 1350 privatorufflfita
1024 1275 1119 1331 liberae
1134 1274 1224 1349 queri-

278 1352 380 1409 moniae
395 1352 432 1409 de
446 1353 563 1409 aliorum
577 1352 683 1429 injuriis
697 1371 759 1409 esse
773 1351 914 1419 dicuntur,
929 1362 962 1409 ut
979 1353 1011 1420 is,
1026 1353 1074 1429 qni
1088 1352 1225 1430 dignitate

279 1431 452 1507 principibus
466 1431 585 1496 excellit,
597 1431 731 1488 facilitate
744 1431 845 1488 intimis
860 1450 912 1508 par
925 1451 986 1489 esse
999 1432 1135 1488 videatur.
1177 1438 1223 1488 42.

278 1509 344 1566 Jam
358 1517 495 1584 quantum
509 1510 631 1576 consilio,
646 1517 783 1587 quantum
809 1510 919 1567 dic-endi
939 1511 1077 1589 gravitate
1095 1517 1124 1567 et
1144 1510 1226 1586 copia

233 1591 269 1645 15
279 1587 379 1653 valeat,
395 1588 422 1644 in
437 1606 494 1663 quo
507 1589 570 1665 ipso
585 1589 657 1646 inest
680 1589 812 1666 quaedam
828 1588 949 1667 dignitas
963 1588 1149 1666 imperatoria,
1164 1608 1224 1656 vos,

279 1666 409 1735 Quirites,
422 1667 477 1723 hoc
487 1667 551 1744 ipso
561 1687 596 1725 ex
604 1669 666 1725 loco
677 1687 757 1744 saepe
768 1668 945 1746 cognovistis.
976 1669 1075 1725 Fidem
1085 1686 1151 1724 vero
1162 1668 1224 1744 ejus

278 1755 413 1822 quantam
427 1746 500 1802 inter
515 1747 606 1804 socios
620 1747 772 1804 existimari
787 1748 899 1823 putatis,
914 1766 999 1823 quam
1017 1748 1113 1803 hostes
1128 1764 1224 1803 omnes

277 1824 402 1881 omnium
411 1843 546 1902 generum
561 1827 764 1884 sanctissimam
775 1826 947 1903 judicarint?
970 1825 1152 1882 Humanitate
1164 1826 1225 1901 jam

277 1910 357 1960 tanta
371 1913 422 1970 est,
437 1913 470 1961 ut
484 1904 595 1963 difficile
610 1905 689 1962 dictu
703 1904 747 1971 sit,
762 1890 974 1961 utrifissbsses
988 1886 1225 1981 ma'gi's‘iirtutem

231 1984 268 2038 20
278 1982 340 2059 ejus
351 1991 510 2060 pugnantes
518 1984 669 2051 timuerint,
679 2003 715 2039 an
729 1983 974 2040 mansuetudinem
989 1983 1053 2039 victi
1067 1982 1222 2063 dllQflssl·

278 2061 315 2117 Et
329 2062 476 2138 quisquam
491 2062 639 2128 dubitabit,
654 2063 722 2139 quin
736 2062 800 2119 huic
814 2063 868 2119 hoc
883 2069 993 2118 tantum
1014 2062 1117 2119 bellum
1135 2070 1224 2117 trans·

278 2140 448 2217 mittendum
472 2142 516 2207 sit,
531 2142 579 2217 qui
603 2142 639 2198 ad
662 2142 756 2198 omnia
776 2148 878 2197 nostrae
894 2140 1035 2196 memoriae
1061 2140 1136 2197 bella
1157 2159 1223 2197 con·

278 2210 397 2276 edenda
411 2214 504 2277 drino
518 2220 640 2297 quodam
655 2221 769 2278 consilio
783 2227 866 2276 natus
880 2237 941 2275 esse
955 2218 1107 2275 videatur?

142 2266 179 2349 ⁸l
318 2299 382 2355 XV.
423 2305 470 2355 43.
493 2299 538 2364 Et,
564 2299 696 2375 quoniam
717 2298 870 2355 auctoritas
891 2316 1004 2373 quoque
1023 2297 1052 2353 in
1073 2297 1153 2354 bellis
1173 2296 1224 2354 ad·

232 2377 468 2434 reminiscendis
481 2378 602 2435 multum
624 2386 710 2454 atque
730 2377 758 2434 in
779 2377 896 2453 imperio
916 2377 1027 2432 militari
1047 2375 1131 2442 valet,
1144 2384 1225 2448 certe

185 2478 190 2489 ·
279 2455 382 2511 nemini
396 2454 512 2513 dubium
527 2465 579 2523 est,
594 2457 660 2535 quin
674 2476 708 2513 ea
717 2476 747 2514 re
758 2456 832 2512 idem
846 2455 892 2511 ille
905 2456 1057 2532 imperator
1071 2454 1225 2530 plurimum

280 2533 376 2608 possit.
398 2533 588 2591 Vehementer
601 2544 698 2591 autem
711 2534 850 2611 pertinere
859 2533 896 2589 ad
911 2534 985 2591 bella
994 2533 1224 2599 administranda,

279 2610 347 2687 quid
361 2611 466 2677 hostes,
481 2613 548 2688 quid
563 2613 630 2670 socii
650 2613 686 2670 de
701 2613 918 2690 imperatoribus
935 2613 1036 2669 uostris
1056 2612 1224 2678 existiment,

280 2689 342 2766 quis
356 2689 475 2765 ignorat,
490 2710 577 2766 quum
593 2692 713 2748 sciamus
727 2692 854 2748 homines
874 2691 902 2746 in
916 2692 1000 2748 tantis
1014 2691 1106 2757 rebus,
1122 2700 1154 2747 ut
1175 2697 1226 2746 aut

233 2774 460 2827 SOcoutemnant
478 2778 528 2825 aut
551 2778 679 2826 metuant
699 2780 748 2826 aut
769 2770 878 2827 oderint
901 2778 1072 2835 autument,
1096 2770 1226 2845 opinione

279 2867 335 2904 non
349 2847 441 2903 minus
456 2847 573 2903 etfama
586 2867 670 2924 quam
695 2848 788 2924 aliqua
802 2848 909 2904 ratione
929 2859 1006 2905 certa
1030 2848 1225 2904 commoveri?

281 2926 364 2994 Quod
379 2926 388 2982 i
410 2926 465 2983 'tur
478 2942 579 2982 nomen
594 2945 718 3002 unquam
736 2928 764 2983 in
778 2927 846 2983 orbe
870 2936 1008 2982 terrarum
1033 2925 1133 2982 elarius
1151 2926 1225 2982 luit?

221 3008 225 3017 ’
253 3018 266 3041 ”
281 3005 363 3080 eujus
377 3024 390 3059 r
435 3011 525 3081 gestae
542 3006 641 3079 pares?
664 3005 700 3061 de
714 3025 770 3081 quo
784 3005 897 3061 homine
906 3024 965 3070 vos,
977 3005 1006 3060 id
1020 3005 1096 3079 quod
1106 3004 1227 3061 maxime

225 3080 229 3095 '
281 3082 349 3138 facit
369 3082 573 3147 auctoritatem,
589 3091 709 3140 tantast
733 3093 791 3141 tam
815 3084 953 3161 praeclara
971 3082 1077 3160 judicia
1099 3083 1226 3140 fecistis?

234 3167 270 3219 35
282 3165 327 3218 44.
350 3161 472 3218 Anvero
486 3161 572 3218 ullam
587 3168 706 3237 usquam
715 3181 776 3219 esse
791 3181 869 3219 oram
884 3172 943 3219 tam
954 3162 1093 3218 desertam
1110 3161 1227 3238 putatis,

223 3238 233 3303 ';
281 3258 338 3315 quo
351 3258 407 3296 non
420 3239 492 3296 illius
507 3240 562 3299 diei
574 3241 651 3296 fama
665 3241 826 3315 pervaserit,
842 3260 928 3316 quum
945 3241 1089 3298 universus
1104 3240 1228 3317 populus

282 3318 426 3374 Romanus
452 3319 556 3375 referto
579 3316 641 3375 foro
665 3319 867 3394 completisque
891 3320 1021 3376 omnibus
1044 3319 1164 3394 templis,
1193 3337 1228 3375 ex

282 3396 383 3471 quibus
408 3396 452 3452 hio
476 3396 555 3453 loeus
570 3397 693 3472 conspici
718 3404 820 3472 potest,
836 3417 922 3453 unum
945 3398 997 3454 sibi
1020 3397 1056 3453 ad
1080 3415 1229 3454 commune

282 3474 406 3531 omnium
427 3475 554 3552 gentium
574 3475 679 3532 bellum
703 3475 754 3532 Cn.
770 3476 938 3552 Pompeium
959 3478 1158 3552 imperatorem
1179 3475 1228 3531 de·

234 3552 434 3629 40poposcit‘l
484 3554 592 3629 Itaque,
624 3563 655 3609 ut
683 3554 764 3629 plura
790 3573 846 3610 nou
873 3555 964 3612 dicam
991 3572 1082 3629 neque
1109 3553 1230 3610 aliorum

282 3631 419 3707 exemplis
433 3632 601 3697 confirmem,
617 3641 754 3707 qnantum
768 3634 919 3690 auctoritas
933 3633 1026 3689 valeat
1045 3633 1072 3688 in
1094 3632 1178 3697 bell0,-
1192 3632 1230 3688 ab

283 3709 381 3766 eodem
409 3709 460 3766 Cn.
480 3709 613 3786 Pompeio
636 3711 760 3768 omnium
785 3730 877 3767 rerum
899 3711 1075 3787 egregiarum
1099 3709 1231 3786 exempla

283 3797 447 3856 sumantur;
468 3789 586 3866 quiquo
607 3789 653 3847 die
675 3810 693 3846 a
707 3790 786 3848 vobis
800 3789 939 3846 maritimo
965 3789 1038 3844 bello
1059 3790 1232 3865 praepositus

282 3876 327 3925 est
353 3867 514 3945 imperator,
542 3876 623 3925 tanta
649 3879 766 3945 repente
791 3868 883 3924 vilitas
909 3885 1028 3924 annonae
1055 3885 1091 3923 ex
1118 3885 1232 3925 summa
