2742 4384
171 293 211 349 64
640 308 749 348 ormo

779 405 788 419 i«
818 378 881 421 nal*

259 438 354 496 XXII.
377 438 471 506 Quare
484 437 606 503 videant,
621 456 656 494 ne
670 437 707 494 sit
721 404 896 514 pedriiquum
907 445 937 495 et
950 458 1006 495 non
1019 438 1168 498 ferendum

73 526 150 567 astos.
220 516 331 574 illorum
344 509 590 573 auctoritatem’de
606 517 656 572 On.
672 517 800 592 Pompeii
815 517 951 594 dignitate
965 537 982 573 a
997 519 1076 575 vobis
1090 539 1166 576 com⁴

98 579 370 672 r=nu5mbprobatam
384 615 495 672 semper
509 614 579 661 esse,
594 604 719 652 vestrum
743 597 779 653 ab
800 595 853 652 illis
877 595 913 652 de
934 596 1035 652 eodem
1055 598 1167 655 homine

218 675 355 752 judicium
377 676 531 752 populique
546 674 665 730 Romani
685 674 882 730 auctoritatem
902 675 1070 751 improbari;
1092 696 1166 753 prae·

192 754 316 817 bsertim
330 774 417 830 quum
430 755 489 831 jam
504 772 555 809 suo
567 754 631 830 jure
647 753 769 830 populus
784 753 929 809 Romanus
948 753 976 809 in
990 754 1043 810 hoc
1054 755 1168 812 homine

220 853 301 901 suam
315 834 511 891 auctoritatem
524 832 568 888 vel
590 840 687 889 contra
702 850 806 895 omnes
822 832 870 906 qui
887 832 1062 899 dissentiunt,
1080 835 1168 909 possit

220 914 386 979 defendere;
409 922 559 989 propterea
578 911 663 986 quod,
679 909 779 966 iisdem
798 911 858 966 istis
876 911 1101 978 reclamantibus,
1114 932 1167 969 vos

220 1012 308 1048 unum
328 993 407 1048 illum
421 1011 456 1048 ex
470 990 599 1047 omnibus
620 988 772 1065 delegistis,
794 1008 879 1065 quem
903 990 978 1046 bello
1000 990 1168 1066 praedonum

97 1114 101 1121 .
132 1106 134 1115 ι
164 1104 166 1113 1
221 1070 424 1148 praeponeretis
463 1075 509 1125 64.
530 1068 593 1125 Hoc
608 1068 631 1123 si
644 1076 816 1125 vostemere
830 1052 934 1124 fdc'lsbs
948 1076 976 1124 et
989 1069 1029 1125 rei
1044 1070 1166 1145 publicae

86 1163 129 1207 tae
142 1134 209 1203 Ulli
221 1169 321 1226 parum
347 1148 532 1214 consuluistis,
558 1156 633 1204 recte
661 1147 707 1203 isti
730 1146 825 1203 studia
849 1155 943 1204 vestra
967 1148 1023 1203 suis
1048 1149 1167 1204 consiliis

220 1247 318 1305 regere
341 1227 672 1294 commonstrarem
698 1245 748 1283 vos
773 1227 838 1303 plus
862 1224 975 1283 suman
999 1246 1029 1283 re
1054 1226 1168 1301 publica
1186 1252 1197 1261 ,‚
1210 1250 1219 1265 ··
1271 1270 1310 1311 [Μ

220 1306 335 1371 vidistis,
350 1325 401 1363 vos
415 1306 458 1362 his
472 1305 696 1383 repugnantibus
717 1323 768 1381 per
782 1314 892 1362 vosmet
909 1306 985 1381 ipsos
1000 1305 1167 1382 dignitatem

220 1385 285 1440 huic
309 1384 434 1460 imperi0,
457 1384 576 1440 salutem
602 1384 662 1441 orbi
685 1392 824 1440 terrarum
847 1384 997 1450 attulistis;
1018 1384 1194 1459 aliquando*

220 1463 266 1519 isti
295 1463 433 1539 principes
458 1470 486 1518 et
514 1462 566 1520 sibi
594 1471 623 1519 et
650 1464 751 1556 ceteris
779 1462 877 1539 populi
900 1463 1019 1519 Romani
1047 1462 1168 1519 universi

177 1544 209 1597 15
222 1542 380 1598 auctoritati
402 1541 558 1618 parendum
573 1560 634 1598 esse
648 1527 805 1598 faterintur!
848 1539 959 1619 [Atque
973 1540 1000 1596 in
1024 1543 1078 1598 hoc
1092 1541 1168 1598 bello

221 1618 347 1678 Asiatico
362 1627 391 1677 et
411 1621 489 1697 regio
503 1640 557 1677 non
572 1614 803 1676 solumtmilitaris
816 1620 864 1676 illa
883 1620 980 1687 virtus,
995 1639 1059 1696 quae
1075 1629 1119 1676 est
1140 1620 1169 1677 in

222 1699 272 1756 On.
297 1698 434 1775 Pompeio
461 1698 616 1776 singularis,
642 1699 693 1756 sed
718 1700 780 1755 aliae
806 1717 918 1775 quoque
942 1700 1061 1755 virtutes
1085 1698 1169 1755 animi

221 1796 332 1855 maguae
346 1788 375 1835 et
389 1778 487 1835 multae
503 1778 691 1853 requiruntur.
734 1778 852 1835 Difficile
866 1777 951 1833 estin
966 1778 1045 1844 Asia,
1062 1777 1167 1844 Cilicia,

222 1856 305 1933 Syria
329 1854 665 1935 regnisque⁴interiorum
690 1857 834 1913 nationum
842 1856 898 1913 *ita
913 1856 1016 1913 versari
1040 1865 1168 1913 nostrum
1224 1864 1304 1891 s*

173 1938 211 1990 20
221 1936 428 2012 imperatorem,
437 1943 470 1992 ut
484 1935 550 1992 nihil
565 1936 640 1992 aliud
651 1935 702 1991 nisi
717 1935 752 1991 de
767 1936 848 1992 hoste
857 1954 890 1992 ac
905 1934 942 1991 de
955 1934 1041 1992 laude
1055 1935 1168 2011 cogitet.

223 2016 332 2073 Deinde
353 2003 553 2090 etiamlsif'dui
567 2023 633 2071 sunt
654 2014 763 2091 pudore
783 2032 816 2071 ac
841 2016 1027 2089 temperantia
1040 2013 1168 2071 modera-

221 2093 315 2160 tiores
326 2102 420 2151 tamen
432 2113 480 2151 eos
491 2112 553 2150 esse
567 2093 645 2159 tales,
657 2101 774 2168 propter
784 2092 992 2149 multitudinem
1001 2091 1169 2167 cupidorum

222 2174 367 2229 hominum
377 2192 460 2229 nemo
474 2172 633 2228 arbitratur.
676 2177 722 2229 65.
745 2171 864 2229 Difficile
879 2180 923 2227 est
937 2171 1023 2237 dictu,
1037 2171 1169 2238 Quirites,

222 2260 328 2327 quanto
342 2252 370 2308 in
384 2252 448 2308 odio
462 2251 549 2307 simus
569 2250 647 2326 apud
662 2259 772 2306 exteras
787 2251 912 2307 nationes
930 2257 1048 2325 propter
1062 2268 1168 2316 eorum,

174 2333 211 2385 25
222 2349 293 2406 quos
307 2331 343 2387 ad
368 2349 416 2387 eas
437 2348 488 2406 per
509 2330 561 2387 hos
582 2348 669 2385 annos
685 2349 749 2385 cum
763 2329 880 2405 imperio
894 2320 1170 2394 misimus,²libidines

100 2458 103 2465 .
222 2418 252 2465 et
265 2409 388 2485 injurias.
416 2386 514 2478 louod
529 2408 601 2465 enim
616 2409 714 2464 fanum
729 2408 834 2485 putatis
855 2408 883 2464 in
903 2406 956 2463 illis
971 2406 1051 2462 terris
1066 2406 1169 2462 nostris

222 2488 432 2563 magistratibus
453 2488 623 2565 religiosum,
649 2506 734 2562 quam
758 2486 901 2543 civitatem
926 2494 1061 2552 sanctam,
1084 2503 1171 2559 quam

224 2565 340 2621 domum
354 2566 421 2623 satis
432 2567 555 2623 clausam
565 2585 599 2623 ao
613 2566 750 2623 munitam
763 2565 874 2622 fuisse?
915 2564 1008 2621 Urbes
1019 2564 1079 2640 jam
1091 2564 1168 2620 locu-

224 2644 314 2721 pletes
339 2663 372 2701 ac
393 2645 842 2721 copiosae*requiruntur,‘quibus
856 2663 942 2701 causa
964 2643 1029 2699 belli
1054 2650 1172 2719 propter

175 2727 213 2778 30
224 2723 372 2800 diripiendi
386 2723 568 2799 cupiditatem
590 2724 733 2781 inferatur.
776 2712 976 2780 66J'Libenter
996 2722 1060 2777 haec
1075 2732 1213 2777 coram
1247 2750 1270 2793 ,ς’
1283 2748 1303 2777 22

225 2821 296 2873 curn,
305 2802 338 2870 Q.
355 2801 456 2858 Catulo
470 2808 499 2857 et
514 2801 716 2869 Q,Hortensio
736 2802 852 2858 summis
873 2809 902 2858 et
924 2800 1082 2857 clarissimis
1096 2799 1170 2864 viris,

195 2906 198 2915 ·
220 2875 416 2958 disputarem
437 2868 575 2937 ndveru‘rit
589 2881 662 2937 enim
677 2880 816 2938 sociorum
825 2880 949 2945 vulnera,
961 2879 1058 2935 vident
1072 2897 1171 2934 eorum

225 2960 405 3025 calamitates
415 2958 613 3035 lquerimonias
638 2959 764 3016 audiunt.
814 2960 871 3016 Pro
894 2958 976 3015 sociis
1000 2977 1050 3014 vos
1072 2966 1172 3013 contra

224 3039 321 3095 hostes
345 3036 498 3094 exercitum
521 3038 631 3095 mittere
656 3037 771 3114 putatis,
793 3036 975 3094 anrhostium
996 3035 1171 3092 simulatione

176 3122 322 3174 utcontra
342 3116 432 3173 socios
453 3125 538 3192 atque
553 3117 679 3174 amicos?
702 3135 767 3192 quae
793 3117 889 3174 civitas
905 3124 949 3172 est
970 3116 998 3171 in
1012 3114 1173 3188 Asia,’quae

225 3215 281 3252 non
294 3195 379 3253 modo
392 3194 570 3272 imperatoris¹
582 3190 631 3263 aut
645 3195 740 3273 legati,
756 3196 806 3253 sed
830 3195 912 3252 unius
933 3193 1039 3252 tribuni
1052 3192 1173 3248 militum

174 3326 178 3349 ¹.
225 3274 378 3331 animosae
393 3275 508 3351 spiritus
523 3261 623 3350 cipere
638 3274 749 3350 possit?
953 3346 955 3349 v

138 3388 143 3397 ,
180 3340 215 3391 Ψ
265 3353 374 3410 XXIII.
398 3353 500 3420 Quare,
515 3353 600 3409 etiam
614 3352 636 3408 si
660 3371 746 3428 quem
766 3352 885 3418 habetis,
900 3343 1071 3428 qui'collatis
1085 3349 1173 3427 signis

129 3432 131 3437 ’
226 3432 364 3488 exercitus
386 3432 479 3509 regios
501 3450 634 3507 superare
657 3449 741 3508 posse
765 3431 901 3497 videatur,
924 3430 1099 3495 tamen,‘nisi
1121 3428 1175 3484 erit

177 3510 215 3563 40
227 3510 311 3575 idem,
326 3510 375 3586 qui
388 3529 418 3567 se
432 3529 450 3566 u
470 3510 595 3586 pecuniis
609 3511 756 3575 sociorum,
772 3510 819 3586 qui
840 3512 876 3568 ab
891 3528 987 3566 eorum
1006 3508 1174 3585 conjugibus

226 3607 259 3644 ac
273 3587 376 3656 liberis,
391 3588 439 3664 qui
454 3589 491 3646 ab
505 3588 674 3645 ornamentis
688 3589 819 3646 fanorum
833 3597 918 3664 atque
933 3588 1111 3664 oppidorum,
1126 3584 1176 3661 qui

209 3667 264 3724 «ab
291 3685 360 3724 auro
384 3685 509 3745 gazaque
536 3668 614 3745 regia
640 3685 740 3723 manus
768 3667 865 3723 oculos
893 3668 1016 3722 animum
1043 3664 1175 3721 cohibere

227 3746 324 3823 possit,
334 3765 390 3803 non
404 3746 456 3803 erit
469 3746 595 3812 idoneus,
607 3745 654 3821 qui
668 3745 705 3801 ad
720 3746 826 3803 bellum
836 3745 994 3802 Asiaticum
1007 3743 1174 3821 regiumque

226 3824 363 3884 mittatur.
405 3825 451 3885 67.
464 3816 607 3903 'Eddiram
629 3824 737 3902 putatis
759 3824 901 3882 civitatem
922 3831 1054 3901 pacatam
1079 3820 1177 3889 fuisse,
