2742 4384
347 370 358 377 r
457 338 516 379 rao
530 339 556 386 o
571 338 703 388 mosam,
718 338 784 380 car.
799 339 850 380 m.
1138 332 1176 386 88

179 478 292 527 moveat
304 467 492 547 germanitas;
512 467 606 525 valeat
619 475 670 525 tua
682 486 738 526 vox
751 468 806 537 illa,
821 487 886 546 quae
896 468 970 529 vicit.
999 467 1039 527 'I'e
1053 468 1128 527 enim

178 549 271 606 dicere
285 548 472 604 audiebamus
495 566 547 604 nos
569 565 666 604 omnes
690 547 865 605 adversarios
886 557 995 625 putare,
1009 549 1061 606 nisi
1079 549 1129 626 qui

178 628 325 685 nobiscum
339 634 450 682 essent:
472 633 501 683 te
515 644 621 693 omnes,
636 626 684 702 qui
705 635 803 683 contra
823 634 852 684 ta
866 646 922 683 non
935 635 1037 695 essent,
1052 635 1126 686 tuos.

178 706 303 763 Videsne
317 705 404 784 igitur
417 705 492 762 hunc
505 704 687 782 splendorem
700 705 834 771 omnium,
849 705 921 763 hanc
935 705 1127 764 Brocchorum

177 784 304 850 domum,
327 786 402 841 hunc
427 783 459 840 L.
484 783 630 850 Marcium,
655 784 689 840 0.
713 783 877 851 Caesetium,
901 784 935 841 L.
961 784 1154 851 Corfidium,5

177 863 264 920 hosce
288 881 385 920 omnes
405 862 515 938 equites
539 862 692 929 Romanos,
714 862 762 938 qui
781 861 886 920 adsunt
906 870 985 921 vesto
1006 872 1125 929 mutans,

177 960 230 998 non
245 941 340 999 solum
353 949 437 998 notos
451 940 510 1008 tibi,
525 958 622 997 verum
636 940 722 997 etiam
736 941 871 1017 probatos
883 941 979 999 viros?
1020 941 1126 1000 'I’eeum

176 1020 301 1078 fuerunt
353 1020 451 1096 Atque
474 1019 518 1076 bis
541 1018 740 1085 irascebamur,
762 1019 815 1077 hos
837 1020 1057 1097 requirebamus,
1082 1020 1126 1077 his

175 1098 302 1156 nonnulli
316 1097 402 1156 etism
417 1098 604 1155 minabantur.
646 1099 791 1155 Conserva
810 1098 896 1177 igitur
910 1099 964 1156 tuis
978 1117 1062 1157 suos:
1082 1108 1123 1165 ut,

175 1176 419 1254 quemadmodum
432 1184 536 1244 cetera,
550 1195 616 1254 quae
631 1177 787 1234 dictasunt
800 1196 818 1234 a
833 1185 871 1245 ta,
886 1177 926 1235 sic
946 1177 1001 1235 hoc
1015 1177 1173 1238 verimi-10

175 1276 255 1313 mum
268 1254 432 1333 reperiatur.

139 1352 146 1365 ·
215 1335 284 1391 XII.
327 1340 374 1391 34.
396 1333 481 1403 Quod
494 1333 519 1390 si
532 1334 646 1410 penitus
659 1333 817 1411 perspicere
832 1353 931 1412 posses
945 1333 1124 1392 concordiam

175 1413 363 1491 Ligariorum,
388 1431 486 1470 omnes
512 1412 614 1470 iratres
641 1421 737 1470 tecum
762 1412 904 1489 judicares
931 1413 1025 1471 fuisse.
1075 1414 1124 1470 An

176 1501 273 1569 potest
285 1492 435 1568 quisquam
448 1489 589 1558 dubitare,
604 1490 679 1568 quin,
695 1490 718 1547 si
732 1491 766 1560 Q,
781 1491 908 1570 Ligarius
925 1491 1048 1549 initalia
1062 1510 1124 1551 esse

175 1571 324 1647 potuisset,
345 1570 372 1627 in
392 1569 493 1627 eadem
506 1569 644 1627 sententio
656 1569 756 1627 fuisset
775 1569 896 1637 futurus,
910 1571 938 1627 in
952 1589 1009 1647 qua
1022 1572 1123 1628 iratres
1135 1577 1170 1630 15
1282 1564 1286 1571 ⁴

175 1649 313 1707 luerunt?
356 1647 426 1717 Quis
438 1656 491 1714 est,
506 1647 554 1724 qui
573 1649 675 1705 horum
690 1667 856 1706 consensum
874 1649 1080 1726 conspirantem
1094 1657 1124 1707 et

175 1745 260 1805 paene
274 1727 428 1785 conflatum
442 1726 470 1783 in
488 1726 540 1783 hee
555 1744 644 1804 prope
658 1726 819 1803 equalitate
832 1727 957 1785 fraterne
969 1746 1025 1785 non
1038 1746 1122 1785 nove·

175 1806 235 1863 rit?
255 1805 305 1882 qui
318 1806 373 1863 hoc
387 1823 444 1861 non
457 1805 567 1871 sentiat,
577 1805 688 1882 quidvis
702 1805 780 1882 prius
793 1805 921 1862 futurum
931 1805 1026 1872 fuisse,
1037 1825 1123 1882 quum

173 1894 209 1942 ut
232 1885 262 1941 hi
281 1883 384 1941 iratres
398 1883 523 1941 diversas
536 1884 689 1941 sententias
712 1883 896 1959 fortunasque
915 1885 1122 1959 sequerentur?

174 1962 333 2021 Voluntate
345 1963 431 2040 igitur
440 1980 538 2019 omnes
553 1970 647 2020 tecum
657 1962 788 2020 luerunt:
809 1969 979 2039 tempestate
987 1962 1123 2038 abreptus
1133 1968 1171 2021 20

174 2050 220 2100 est
243 2060 332 2108 unum
353 2041 403 2117 qui
426 2040 450 2097 si
473 2040 588 2097 consilio
611 2039 640 2097 id
659 2040 783 2107 fecisset,
805 2048 881 2098 esset
900 2058 997 2097 eorum
1018 2039 1122 2107 similis,

127 2174 151 2193 .,
173 2140 248 2198 qnos
274 2128 308 2177 tu
333 2126 431 2176 tamen
457 2119 549 2177 salvos
576 2137 639 2176 esse
665 2118 784 2176 voluisti
835 2125 880 2178 35.
913 2118 970 2176 Sed
999 2118 1061 2176 ierit
1084 2119 1121 2176 ad

174 2199 290 2265 bellum,
312 2197 471 2256 discesserit
491 2216 546 2254 non
564 2215 582 2253 a
601 2205 631 2255 te
651 2197 864 2265 columnarum
884 2197 970 2255 etiam
989 2216 1007 2253 a
1029 2197 1121 2256 iratri-

174 2279 238 2342 bus,
263 2277 294 2334 hi
316 2283 346 2334 te
369 2285 451 2333 orant
473 2276 522 2334 tui.
571 2275 719 2352 Fquidem,
740 2295 828 2353 quum
846 2276 902 2333 tuis
922 2276 1052 2334 omnibus
1073 2295 1120 2334 ne·

172 2356 259 2434 gotiis
282 2354 455 2421 interessem,
480 2355 613 2412 memoria
633 2362 724 2421 teneo,
749 2354 838 2431 qualia
860 2362 922 2412 tum
942 2354 973 2412 T.
994 2354 1122 2433 Ligarius
1133 2360 1170 2412 25

173 2442 304 2512 qnaestor
323 2434 449 2491 urbanus
461 2434 546 2490 fuerit
565 2451 634 2510 erga
654 2442 726 2490 teet
746 2433 913 2511 dignitatem
933 2442 1020 2491 tuam.
1062 2433 1121 2493 Sed

173 2531 277 2592 perum
300 2519 345 2570 est
367 2530 412 2569 ms
432 2512 486 2569 hoc
511 2512 684 2569 meminisse:
714 2530 798 2588 spero
818 2512 903 2570 etiam
926 2520 964 2578 te,
985 2512 1033 2589 qui
1052 2513 1121 2571 obli-

173 2592 243 2649 visci
257 2591 325 2649 nihil
346 2590 420 2648 soles
438 2590 489 2647 nisi
508 2590 632 2680 injurias,
653 2591 785 2668 quoniam
806 2591 859 2650 hoe
873 2600 916 2648 est
936 2592 1031 2657 enimi,
1051 2611 1120 2669 quo·

174 2674 250 2728 niam
270 2670 355 2727 etiam
375 2669 478 2746 ingenii
501 2677 550 2735 tur,
570 2669 718 2746 tealiquid
740 2670 778 2728 de
797 2669 883 2746 hujus
902 2670 950 2727 illo
970 2671 1121 2746 quaestorio

175 2749 274 2815 officio,
291 2749 376 2805 etiam
391 2748 427 2805 dc
441 2747 502 2805 eliis
514 2747 684 2824 quibusdam
699 2749 887 2823 quaestoribus
901 2749 1120 2807 reminiscentem
1132 2750 1171 2802 80

175 2826 325 2885 cecordari
368 2832 414 2885 ³6.
437 2826 490 2884 Hic
510 2826 597 2904 igitur
615 2826 646 2883 Τ.
662 2826 693 2882 L·
716 2826 799 2893 erius,
820 2825 869 2904 qui
892 2835 955 2885 turn
975 2827 1041 2885 nihil
1063 2846 1079 2885 e
1100 2828 1122 2885 ἰ

178 2906 252 2964 aliud
267 2905 459 2983 (nequeenim
476 2905 540 2963 hac
554 2846 719 2983 cramail
734 2904 785 2962 nisi
799 2913 832 2962 ut
851 2913 884 2962 tu
897 2925 963 2963 enm
977 2905 1019 2964 tui
1032 2915 1080 2964 stu
1099 2907 1120 2963 i-

177 3004 257 3042 nsum
271 2992 302 3041 et
321 2985 427 3042 bonum
447 2984 537 3041 virum
555 2982 706 3061 judicares,
721 3002 794 3041 nunc
808 3001 826 3040 a
838 2991 868 3041 te
888 2984 1009 3061 supplex
1029 2985 1122 3042 fratris

175 3064 297 3121 salutem
319 3062 397 3139 petit
439 3062 532 3130 Quam
552 3062 638 3138 hujus
651 3062 812 3119 admonitus
826 3062 916 3120 officio
937 3082 1025 3139 quum
1039 3063 1120 3120 utris-

174 3161 230 3218 que
255 3141 299 3198 bis
320 3140 441 3206 dederis,
463 3148 519 3198 tres
542 3141 644 3198 fratres
664 3140 787 3218 optimos
801 3149 830 3198 et
853 3141 1046 3218 integerrimos
1066 3142 1170 3199 non85

174 3220 267 3277 solum
282 3219 336 3277 sibi
355 3218 434 3295 ipsos
447 3237 538 3294 neque
551 3219 595 3275 hia
615 3226 659 3275 tot
679 3238 712 3276 ac
733 3219 835 3277 talibus
849 3220 913 3277 viris
927 3239 1018 3295 neque
1041 3221 1122 3278 nobis

174 3298 347 3364 necessariis,
363 3296 413 3354 scd
438 3297 522 3353 etiam
547 3297 587 3354 rei
601 3297 723 3372 publicae
745 3298 953 3357 condonaveris.
996 3300 1042 3357 37.
1064 3299 1121 3356 Fec

173 3376 269 3454 igitur,
297 3376 375 3452 quod
399 3375 435 3432 de
463 3375 574 3432 bomine
601 3376 773 3433 nobilissimo
799 3384 829 3434 et
856 3376 1009 3434 clarissimo
1032 3377 1121 3435 fecisti

174 3474 266 3532 nuper
289 3455 317 3511 in
332 3453 417 3521 curis,
432 3472 505 3511 nune
519 3453 595 3511 idem
609 3454 637 3511 in
656 3455 719 3513 ioro
733 3454 770 3512 de
783 3456 897 3531 optimis
910 3464 940 3513 et
962 3455 1028 3513 huic
1048 3456 1122 3513 omui

174 3533 343 3610 frequentis
370 3532 573 3609 probatissimis
600 3532 742 3590 fratribus.
794 3533 835 3591 Ut
858 3533 1020 3591 concessisti
1042 3532 1171 3591 illum40

174 3613 293 3677 senatui,
308 3611 348 3668 sic
367 3610 406 3668 da
425 3610 499 3668 bunc
524 3611 639 3688 populo,
655 3611 737 3689 cujus
757 3612 933 3670 voluntatem
953 3612 1123 3670 carissimam

173 3710 287 3768 semper
302 3689 444 3747 habuisti:
465 3698 503 3756 at,
526 3690 550 3746 si
573 3690 620 3747 ille
634 3690 694 3747 dies
708 3690 759 3748 tibi
779 3690 1002 3767 gloriosissimus,
1018 3691 1123 3768 populo

174 3770 306 3827 Romano
372 3768 496 3825 tissimum
508 3769 578 3834 luit:
600 3769 799 3834 noliobsccro,
813 3769 952 3836 dubitare,
968 3770 1000 3827 G.
1017 3770 1122 3833 Oaesar,

173 3848 294 3906 similem
309 3847 315 3860 '
339 3847 345 3859 '
360 3846 460 3925 gloria
475 3847 589 3906 laudam
602 3865 689 3924 qnam
701 3848 854 3925 sepissime
868 3865 1004 3927 querere.
1046 3845 1124 3905 Mhil
