<?xml version="1.0" encoding="UTF-8"?>
<!DOCTYPE html PUBLIC "-//W3C//DTD XHTML 1.0 Transitional//EN"
    "http://www.w3.org/TR/xhtml1/DTD/xhtml1-transitional.dtd">
<html xmlns="http://www.w3.org/1999/xhtml" xml:lang="en" lang="en">
 <head>
  <title>
</title>
<meta http-equiv="Content-Type" content="text/html;charset=utf-8" />
  <meta name='ocr-system' content='tesseract 3.04.00' />
  <meta name='ocr-capabilities' content='ocr_page ocr_carea ocr_par ocr_line ocrx_word'/>
</head>
<body>
  <div class='ocr_page' id='page_1' title='image "./selectorationsm03cicegoog_0117.png"; bbox 0 0 2742 4384; ppageno 0'>
   <div class='ocr_carea' id='block_1_1' title="bbox 448 231 1190 294">
    <p class='ocr_par' dir='ltr' id='par_1_1' title="bbox 448 231 1190 294">
     <span class='ocr_line' id='line_1_1' title="bbox 448 231 1190 294; baseline 0.008 -12"><span class='ocrx_word' id='word_1_1' title='bbox 448 244 545 285; x_wconf 78' lang='grc' dir='ltr'>ιιιοι.</span> <span class='ocrx_word' id='word_1_2' title='bbox 560 244 792 294; x_wconf 71' lang='lat' dir='ltr'><strong>intromiseris,</strong></span> <span class='ocrx_word' id='word_1_3' title='bbox 807 245 874 286; x_wconf 79' lang='grc' dir='ltr'>ιιι.</span> <span class='ocrx_word' id='word_1_4' title='bbox 889 244 940 285; x_wconf 87' lang='grc' dir='ltr'><strong>ιιι</strong></span> <span class='ocrx_word' id='word_1_5' title='bbox 1135 231 1190 288; x_wconf 85' lang='lat'><strong>111</strong></span> 
     </span>
    </p>
   </div>
   <div class='ocr_carea' id='block_1_2' title="bbox 191 364 1141 533">
    <p class='ocr_par' dir='ltr' id='par_1_2' title="bbox 191 364 1141 533">
     <span class='ocr_line' id='line_1_2' title="bbox 191 364 1139 463; baseline 0.003 -34"><span class='ocrx_word' id='word_1_6' title='bbox 191 390 251 430; x_wconf 91' lang='lat' dir='ltr'><strong>rem</strong></span> <span class='ocrx_word' id='word_1_7' title='bbox 264 364 408 463; x_wconf 77' lang='lat' dir='ltr'><strong>publicam</strong></span> <span class='ocrx_word' id='word_1_8' title='bbox 421 372 539 440; x_wconf 79' lang='grc' dir='ltr'>ιιιιιιι;</span> <span class='ocrx_word' id='word_1_9' title='bbox 560 373 620 441; x_wconf 81' lang='grc' dir='ltr'>ιιι,</span> <span class='ocrx_word' id='word_1_10' title='bbox 634 392 723 451; x_wconf 91' lang='lat' dir='ltr'><strong>quum</strong></span> <span class='ocrx_word' id='word_1_11' title='bbox 743 374 893 434; x_wconf 75' lang='lat' dir='ltr'>inessent</span> <span class='ocrx_word' id='word_1_12' title='bbox 884 394 913 432; x_wconf 91' lang='lat' dir='ltr'><strong>ui</strong></span> <span class='ocrx_word' id='word_1_13' title='bbox 926 392 957 433; x_wconf 90' lang='lat' dir='ltr'><strong>re</strong></span> <span class='ocrx_word' id='word_1_14' title='bbox 971 374 1013 432; x_wconf 88' lang='lat' dir='ltr'><strong>vis</strong></span> <span class='ocrx_word' id='word_1_15' title='bbox 1027 374 1083 432; x_wconf 91' lang='lat' dir='ltr'><strong>et</strong></span> <span class='ocrx_word' id='word_1_16' title='bbox 1075 373 1139 432; x_wconf 87' lang='lat' dir='ltr'><strong>insi·</strong></span> 
     </span>
     <span class='ocr_line' id='line_1_3' title="bbox 192 451 1141 533; baseline 0.002 -24"><span class='ocrx_word' id='word_1_17' title='bbox 192 451 256 518; x_wconf 86' lang='lat' dir='ltr'><strong>diae,</strong></span> <span class='ocrx_word' id='word_1_18' title='bbox 277 452 382 509; x_wconf 81' lang='lat' dir='ltr'><strong>crimen</strong></span> <span class='ocrx_word' id='word_1_19' title='bbox 403 451 513 530; x_wconf 87' lang='lat' dir='ltr'><strong>judicio</strong></span> <span class='ocrx_word' id='word_1_20' title='bbox 532 452 679 520; x_wconf 73' lang='lat' dir='ltr'><strong>reservavi,</strong></span> <span class='ocrx_word' id='word_1_21' title='bbox 700 471 762 511; x_wconf 88' lang='lat' dir='ltr'><strong>rem</strong></span> <span class='ocrx_word' id='word_1_22' title='bbox 784 453 887 512; x_wconf 85' lang='lat' dir='ltr'><strong>notavi</strong></span> <span class='ocrx_word' id='word_1_23' title='bbox 936 452 1063 523; x_wconf 86' lang='lat' dir='ltr'><strong>Quod</strong></span> <span class='ocrx_word' id='word_1_24' title='bbox 1040 472 1064 511; x_wconf 87' lang='grc' dir='ltr'><strong>ιι</strong></span> <span class='ocrx_word' id='word_1_25' title='bbox 1088 471 1141 533; x_wconf 87' lang='lat' dir='ltr'><strong>per</strong></span> 
     </span>
    </p>
   </div>
   <div class='ocr_carea' id='block_1_3' title="bbox 186 530 1190 3825">
    <p class='ocr_par' dir='ltr' id='par_1_3' title="bbox 188 530 1169 1001">
     <span class='ocr_line' id='line_1_4' title="bbox 190 530 1139 608; baseline 0.003 -21"><span class='ocrx_word' id='word_1_26' title='bbox 190 531 328 587; x_wconf 88' lang='lat' dir='ltr'><strong>furiosum</strong></span> <span class='ocrx_word' id='word_1_27' title='bbox 350 530 429 587; x_wconf 91' lang='lat' dir='ltr'><strong>illum</strong></span> <span class='ocrx_word' id='word_1_28' title='bbox 451 531 596 589; x_wconf 88' lang='lat' dir='ltr'><strong>tribunum</strong></span> <span class='ocrx_word' id='word_1_29' title='bbox 609 532 727 598; x_wconf 85' lang='lat' dir='ltr'><strong>senatui,</strong></span> <span class='ocrx_word' id='word_1_30' title='bbox 742 531 819 608; x_wconf 87' lang='lat' dir='ltr'><strong>quod</strong></span> <span class='ocrx_word' id='word_1_31' title='bbox 839 534 988 599; x_wconf 75' lang='lat' dir='ltr'><strong>sentiebat,</strong></span> <span class='ocrx_word' id='word_1_32' title='bbox 1004 533 1139 608; x_wconf 87' lang='lat' dir='ltr'><strong>perticere</strong></span> 
     </span>
     <span class='ocr_line' id='line_1_5' title="bbox 190 609 1136 685; baseline 0.001 -19"><span class='ocrx_word' id='word_1_33' title='bbox 190 609 322 676; x_wconf 81' lang='lat' dir='ltr'><strong>licuisset,</strong></span> <span class='ocrx_word' id='word_1_34' title='bbox 335 625 439 665; x_wconf 88' lang='lat' dir='ltr'><strong>novam</strong></span> <span class='ocrx_word' id='word_1_35' title='bbox 453 609 639 685; x_wconf 77' lang='lat' dir='ltr'><strong>quaestionem</strong></span> <span class='ocrx_word' id='word_1_36' title='bbox 652 609 759 667; x_wconf 89' lang='lat' dir='ltr'><strong>nullam</strong></span> <span class='ocrx_word' id='word_1_37' title='bbox 779 610 955 669; x_wconf 80' lang='lat' dir='ltr'><strong>haberemus</strong></span> <span class='ocrx_word' id='word_1_38' title='bbox 997 611 1136 669; x_wconf 83' lang='lat' dir='ltr'><strong>Decerne·</strong></span> 
     </span>
     <span class='ocr_line' id='line_1_6' title="bbox 190 688 1169 779; baseline 0.007 -35"><span class='ocrx_word' id='word_1_39' title='bbox 190 688 240 745; x_wconf 85' lang='lat' dir='ltr'><strong>bat</strong></span> <span class='ocrx_word' id='word_1_40' title='bbox 254 688 338 754; x_wconf 89' lang='lat' dir='ltr'><strong>enini,</strong></span> <span class='ocrx_word' id='word_1_41' title='bbox 352 694 386 745; x_wconf 92' lang='lat' dir='ltr'><strong>ut</strong></span> <span class='ocrx_word' id='word_1_42' title='bbox 399 688 544 745; x_wconf 87' lang='lat' dir='ltr'><strong>veteribus</strong></span> <span class='ocrx_word' id='word_1_43' title='bbox 563 688 682 779; x_wconf 82' lang='lat' dir='ltr'><strong>legibus,</strong></span> <span class='ocrx_word' id='word_1_44' title='bbox 698 689 894 747; x_wconf 90' lang='lat' dir='ltr'><strong>tautummodo</strong></span> <span class='ocrx_word' id='word_1_45' title='bbox 907 698 987 747; x_wconf 80' lang='lat' dir='ltr'><strong>extre</strong></span> <span class='ocrx_word' id='word_1_46' title='bbox 999 689 1136 757; x_wconf 85' lang='lat' dir='ltr'><strong>ordinem,</strong></span> <span class='ocrx_word' id='word_1_47' title='bbox 1151 700 1169 753; x_wconf 80' lang='lat' dir='ltr'><strong>t</strong></span> 
     </span>
     <span class='ocr_line' id='line_1_7' title="bbox 189 766 1137 845; baseline 0.004 -23"><span class='ocrx_word' id='word_1_48' title='bbox 189 774 371 842; x_wconf 81' lang='lat' dir='ltr'><strong>quaereretur.</strong></span> <span class='ocrx_word' id='word_1_49' title='bbox 413 766 511 822; x_wconf 80' lang='lat' dir='ltr'><strong>Divisa</strong></span> <span class='ocrx_word' id='word_1_50' title='bbox 533 766 671 824; x_wconf 87' lang='lat' dir='ltr'><strong>sententia</strong></span> <span class='ocrx_word' id='word_1_51' title='bbox 694 774 746 833; x_wconf 89' lang='lat' dir='ltr'><strong>eat,</strong></span> <span class='ocrx_word' id='word_1_52' title='bbox 767 767 927 843; x_wconf 83' lang='lat' dir='ltr'><strong>postulante</strong></span> <span class='ocrx_word' id='word_1_53' title='bbox 948 767 1043 826; x_wconf 87' lang='lat' dir='ltr'><strong>nescio</strong></span> <span class='ocrx_word' id='word_1_54' title='bbox 1062 787 1137 845; x_wconf 89' lang='lat' dir='ltr'><strong>quo;</strong></span> 
     </span>
     <span class='ocr_line' id='line_1_8' title="bbox 188 844 1137 937; baseline 0.005 -37"><span class='ocrx_word' id='word_1_55' title='bbox 188 844 257 900; x_wconf 88' lang='lat' dir='ltr'><strong>nihil</strong></span> <span class='ocrx_word' id='word_1_56' title='bbox 281 844 356 901; x_wconf 90' lang='lat' dir='ltr'><strong>enim</strong></span> <span class='ocrx_word' id='word_1_57' title='bbox 374 862 490 901; x_wconf 88' lang='lat' dir='ltr'><strong>necesse</strong></span> <span class='ocrx_word' id='word_1_58' title='bbox 509 851 554 902; x_wconf 89' lang='lat' dir='ltr'><strong>eat</strong></span> <span class='ocrx_word' id='word_1_59' title='bbox 577 845 702 902; x_wconf 92' lang='lat' dir='ltr'><strong>omnium</strong></span> <span class='ocrx_word' id='word_1_60' title='bbox 715 863 762 902; x_wconf 90' lang='lat' dir='ltr'><strong>me</strong></span> <span class='ocrx_word' id='word_1_61' title='bbox 785 844 891 937; x_wconf 85' lang='lat' dir='ltr'><strong>flagitia</strong></span> <span class='ocrx_word' id='word_1_62' title='bbox 914 847 1048 923; x_wconf 81' lang='lat' dir='ltr'><strong>proferre.</strong></span> <span class='ocrx_word' id='word_1_63' title='bbox 1089 846 1137 905; x_wconf 86' lang='lat' dir='ltr'><strong>Sic</strong></span> 
     </span>
     <span class='ocr_line' id='line_1_9' title="bbox 188 922 1101 1001; baseline 0.005 -23"><span class='ocrx_word' id='word_1_64' title='bbox 188 923 297 998; x_wconf 85' lang='lat' dir='ltr'><strong>reliqua</strong></span> <span class='ocrx_word' id='word_1_65' title='bbox 309 922 464 979; x_wconf 86' lang='lat' dir='ltr'><strong>auctoritas</strong></span> <span class='ocrx_word' id='word_1_66' title='bbox 476 930 590 980; x_wconf 90' lang='lat' dir='ltr'><strong>senatus</strong></span> <span class='ocrx_word' id='word_1_67' title='bbox 604 931 702 1001; x_wconf 81' lang='lat' dir='ltr'><strong>empta</strong></span> <span class='ocrx_word' id='word_1_68' title='bbox 714 923 910 983; x_wconf 77' lang='lat' dir='ltr'><strong>intercessione</strong></span> <span class='ocrx_word' id='word_1_69' title='bbox 923 925 1036 983; x_wconf 84' lang='lat' dir='ltr'><strong>sublata</strong></span> <span class='ocrx_word' id='word_1_70' title='bbox 1049 933 1101 983; x_wconf 85' lang='lat' dir='ltr'><strong>eat.</strong></span> 
     </span>
    </p>

    <p class='ocr_par' dir='ltr' id='par_1_4' title="bbox 186 1000 1189 2256">
     <span class='ocr_line' id='line_1_10' title="bbox 226 1000 1136 1093; baseline 0.004 -35"><span class='ocrx_word' id='word_1_71' title='bbox 226 1008 271 1059; x_wconf 89' lang='lat'><strong>15.</strong></span> <span class='ocrx_word' id='word_1_72' title='bbox 287 1002 330 1058; x_wconf 83' lang='lat' dir='ltr'><strong>At</strong></span> <span class='ocrx_word' id='word_1_73' title='bbox 343 1001 419 1058; x_wconf 90' lang='lat' dir='ltr'><strong>enim</strong></span> <span class='ocrx_word' id='word_1_74' title='bbox 434 1001 485 1058; x_wconf 83' lang='lat' dir='ltr'><strong>un.</strong></span> <span class='ocrx_word' id='word_1_75' title='bbox 479 1000 1136 1093; x_wconf 83' lang='lat' dir='ltr'><strong>Pompeinsrogationeauaetdereetdecauaa</strong></span> 
     </span>
     <span class='ocr_line' id='line_1_11' title="bbox 186 1079 1188 1157; baseline 0.005 -22"><span class='ocrx_word' id='word_1_76' title='bbox 186 1079 341 1156; x_wconf 87' lang='lat' dir='ltr'><strong>judicavit;</strong></span> <span class='ocrx_word' id='word_1_77' title='bbox 363 1079 429 1136; x_wconf 85' lang='lat' dir='ltr'><strong>tulit</strong></span> <span class='ocrx_word' id='word_1_78' title='bbox 442 1080 515 1136; x_wconf 89' lang='lat' dir='ltr'><strong>enim</strong></span> <span class='ocrx_word' id='word_1_79' title='bbox 530 1079 566 1137; x_wconf 92' lang='lat' dir='ltr'><strong>de</strong></span> <span class='ocrx_word' id='word_1_80' title='bbox 580 1080 667 1147; x_wconf 77' lang='lat' dir='ltr'><strong>caede,</strong></span> <span class='ocrx_word' id='word_1_81' title='bbox 678 1098 744 1156; x_wconf 79' lang='lat' dir='ltr'><strong>quae</strong></span> <span class='ocrx_word' id='word_1_82' title='bbox 755 1079 784 1136; x_wconf 92' lang='lat' dir='ltr'><strong>in</strong></span> <span class='ocrx_word' id='word_1_83' title='bbox 796 1079 929 1157; x_wconf 85' lang='lat' dir='ltr'><strong>Appia</strong></span> <span class='ocrx_word' id='word_1_84' title='bbox 904 1099 949 1137; x_wconf 90' lang='lat' dir='ltr'><strong>via</strong></span> <span class='ocrx_word' id='word_1_85' title='bbox 961 1080 1038 1138; x_wconf 81' lang='lat' dir='ltr'><strong>facta</strong></span> <span class='ocrx_word' id='word_1_86' title='bbox 1051 1088 1135 1148; x_wconf 88' lang='lat' dir='ltr'><strong>esset,</strong></span> <span class='ocrx_word' id='word_1_87' title='bbox 1152 1087 1188 1141; x_wconf 91' lang='grc'><strong>10</strong></span> 
     </span>
     <span class='ocr_line' id='line_1_12' title="bbox 188 1156 1136 1236; baseline 0.003 -22"><span class='ocrx_word' id='word_1_88' title='bbox 188 1158 328 1234; x_wconf 86' lang='lat' dir='ltr'><strong>inqucP.</strong></span> <span class='ocrx_word' id='word_1_89' title='bbox 345 1157 463 1215; x_wconf 76' lang='lat' dir='ltr'><strong>Clodius</strong></span> <span class='ocrx_word' id='word_1_90' title='bbox 476 1158 585 1215; x_wconf 89' lang='lat' dir='ltr'><strong>occisus</strong></span> <span class='ocrx_word' id='word_1_91' title='bbox 598 1165 680 1216; x_wconf 90' lang='lat' dir='ltr'><strong>esset.</strong></span> <span class='ocrx_word' id='word_1_92' title='bbox 723 1156 797 1227; x_wconf 81' lang='lat' dir='ltr'><strong>Quid</strong></span> <span class='ocrx_word' id='word_1_93' title='bbox 812 1176 881 1236; x_wconf 85' lang='lat' dir='ltr'><strong>ergo</strong></span> <span class='ocrx_word' id='word_1_94' title='bbox 895 1158 982 1216; x_wconf 77' lang='lat' dir='ltr'><strong>tulit?</strong></span> <span class='ocrx_word' id='word_1_95' title='bbox 1023 1160 1136 1236; x_wconf 86' lang='lat' dir='ltr'><strong>Nempe</strong></span> 
     </span>
     <span class='ocr_line' id='line_1_13' title="bbox 188 1236 1136 1313; baseline 0.001 -19"><span class='ocrx_word' id='word_1_96' title='bbox 188 1244 222 1294; x_wconf 87' lang='lat' dir='ltr'><strong>ut</strong></span> <span class='ocrx_word' id='word_1_97' title='bbox 240 1244 425 1312; x_wconf 88' lang='lat' dir='ltr'><strong>quaereretur.</strong></span> <span class='ocrx_word' id='word_1_98' title='bbox 467 1236 541 1305; x_wconf 81' lang='lat' dir='ltr'><strong>Quid</strong></span> <span class='ocrx_word' id='word_1_99' title='bbox 564 1255 648 1313; x_wconf 88' lang='lat' dir='ltr'><strong>porro</strong></span> <span class='ocrx_word' id='word_1_100' title='bbox 667 1236 852 1313; x_wconf 70' lang='lat' dir='ltr'><strong>quarendum</strong></span> <span class='ocrx_word' id='word_1_101' title='bbox 872 1237 940 1294; x_wconf 77' lang='lat' dir='ltr'><strong>est?</strong></span> <span class='ocrx_word' id='word_1_102' title='bbox 981 1237 1136 1295; x_wconf 84' lang='lat' dir='ltr'><strong>Factumne</strong></span> 
     </span>
     <span class='ocr_line' id='line_1_14' title="bbox 189 1315 1136 1407; baseline 0 -34"><span class='ocrx_word' id='word_1_103' title='bbox 189 1316 246 1373; x_wconf 79' lang='lat' dir='ltr'><strong>sit?</strong></span> <span class='ocrx_word' id='word_1_104' title='bbox 289 1316 332 1372; x_wconf 86' lang='lat' dir='ltr'><strong>At</strong></span> <span class='ocrx_word' id='word_1_105' title='bbox 345 1321 464 1372; x_wconf 86' lang='lat' dir='ltr'><strong>constat</strong></span> <span class='ocrx_word' id='word_1_106' title='bbox 505 1315 624 1406; x_wconf 71' lang='grc' dir='ltr'>Αιιιιο9</span> <span class='ocrx_word' id='word_1_107' title='bbox 665 1317 709 1372; x_wconf 83' lang='lat' dir='ltr'><strong>At</strong></span> <span class='ocrx_word' id='word_1_108' title='bbox 743 1322 812 1372; x_wconf 90' lang='lat' dir='ltr'><strong>aret</strong></span> <span class='ocrx_word' id='word_1_109' title='bbox 853 1315 953 1373; x_wconf 71' lang='lat' dir='ltr'><strong>Vidit&#39;</strong></span> <span class='ocrx_word' id='word_1_110' title='bbox 946 1315 1040 1407; x_wconf 86' lang='lat' dir='ltr'><strong>igitur,</strong></span> <span class='ocrx_word' id='word_1_111' title='bbox 1051 1316 1136 1373; x_wconf 85' lang='lat' dir='ltr'><strong>etiam</strong></span> 
     </span>
     <span class='ocr_line' id='line_1_15' title="bbox 189 1334 1134 1472; baseline 0.002 -22"><span class='ocrx_word' id='word_1_112' title='bbox 189 1394 217 1450; x_wconf 91' lang='lat' dir='ltr'><strong>in</strong></span> <span class='ocrx_word' id='word_1_113' title='bbox 230 1393 408 1450; x_wconf 86' lang='lat' dir='ltr'><strong>confessione</strong></span> <span class='ocrx_word' id='word_1_114' title='bbox 421 1392 521 1451; x_wconf 85' lang='lat' dir='ltr'><strong>facti</strong></span> <span class='ocrx_word' id='word_1_115' title='bbox 510 1393 581 1470; x_wconf 89' lang='lat' dir='ltr'><strong>Juria</strong></span> <span class='ocrx_word' id='word_1_116' title='bbox 599 1400 694 1451; x_wconf 85' lang='lat' dir='ltr'><strong>tamen</strong></span> <span class='ocrx_word' id='word_1_117' title='bbox 716 1334 905 1451; x_wconf 82' lang='lat' dir='ltr'><strong>defensionem</strong></span> <span class='ocrx_word' id='word_1_118' title='bbox 925 1394 1030 1471; x_wconf 89' lang='lat' dir='ltr'><strong>suscipi</strong></span> <span class='ocrx_word' id='word_1_119' title='bbox 1043 1412 1134 1472; x_wconf 66' lang='lat' dir='ltr'><strong>poma</strong></span> 
     </span>
     <span class='ocr_line' id='line_1_16' title="bbox 190 1472 1187 1563; baseline 0.002 -34"><span class='ocrx_word' id='word_1_120' title='bbox 190 1472 274 1543; x_wconf 81' lang='lat' dir='ltr'><strong>Quod</strong></span> <span class='ocrx_word' id='word_1_121' title='bbox 298 1473 350 1530; x_wconf 88' lang='lat' dir='ltr'><strong>nisi</strong></span> <span class='ocrx_word' id='word_1_122' title='bbox 342 1472 487 1538; x_wconf 86' lang='lat' dir='ltr'><strong>vidisset,</strong></span> <span class='ocrx_word' id='word_1_123' title='bbox 503 1490 586 1549; x_wconf 92' lang='lat' dir='ltr'><strong>posse</strong></span> <span class='ocrx_word' id='word_1_124' title='bbox 599 1472 707 1530; x_wconf 84' lang='lat' dir='ltr'><strong>absolvi</strong></span> <span class='ocrx_word' id='word_1_125' title='bbox 727 1491 801 1539; x_wconf 88' lang='lat' dir='ltr'><strong>eum,</strong></span> <span class='ocrx_word' id='word_1_126' title='bbox 817 1472 865 1563; x_wconf 78' lang='lat' dir='ltr'><strong>qui</strong></span> <span class='ocrx_word' id='word_1_127' title='bbox 884 1472 1029 1539; x_wconf 84' lang='lat' dir='ltr'><strong>fateretur,</strong></span> <span class='ocrx_word' id='word_1_128' title='bbox 1046 1491 1135 1563; x_wconf 82' lang='lat' dir='ltr'><strong>quum</strong></span> <span class='ocrx_word' id='word_1_129' title='bbox 1152 1478 1187 1532; x_wconf 81' lang='lat' dir='ltr'><strong>lo</strong></span> 
     </span>
     <span class='ocr_line' id='line_1_17' title="bbox 189 1550 1136 1628; baseline -0.001 -20"><span class='ocrx_word' id='word_1_130' title='bbox 189 1553 299 1608; x_wconf 88' lang='lat' dir='ltr'><strong>videret</strong></span> <span class='ocrx_word' id='word_1_131' title='bbox 312 1570 365 1608; x_wconf 91' lang='lat' dir='ltr'><strong>noa</strong></span> <span class='ocrx_word' id='word_1_132' title='bbox 378 1550 470 1617; x_wconf 87' lang='lat' dir='ltr'><strong>fateri,</strong></span> <span class='ocrx_word' id='word_1_133' title='bbox 485 1568 576 1626; x_wconf 90' lang='lat' dir='ltr'><strong>neque</strong></span> <span class='ocrx_word' id='word_1_134' title='bbox 589 1552 677 1626; x_wconf 84' lang='lat' dir='ltr'><strong>quaeri</strong></span> <span class='ocrx_word' id='word_1_135' title='bbox 697 1569 821 1628; x_wconf 85' lang='lat' dir='ltr'><strong>unquam</strong></span> <span class='ocrx_word' id='word_1_136' title='bbox 840 1551 970 1628; x_wconf 85' lang='lat' dir='ltr'><strong>jussisset</strong></span> <span class='ocrx_word' id='word_1_137' title='bbox 991 1570 1042 1609; x_wconf 89' lang='lat' dir='ltr'><strong>nec</strong></span> <span class='ocrx_word' id='word_1_138' title='bbox 1056 1550 1136 1609; x_wconf 89' lang='lat' dir='ltr'><strong>vobis</strong></span> 
     </span>
     <span class='ocr_line' id='line_1_18' title="bbox 189 1628 1135 1706; baseline 0 -19"><span class='ocrx_word' id='word_1_139' title='bbox 189 1639 250 1688; x_wconf 84' lang='lat' dir='ltr'><strong>tam</strong></span> <span class='ocrx_word' id='word_1_140' title='bbox 263 1630 337 1686; x_wconf 88' lang='lat' dir='ltr'><strong>hanc</strong></span> <span class='ocrx_word' id='word_1_141' title='bbox 348 1628 521 1686; x_wconf 83' lang='lat' dir='ltr'><strong>salutarem</strong></span> <span class='ocrx_word' id='word_1_142' title='bbox 513 1648 541 1685; x_wconf 89' lang='lat' dir='ltr'><strong>iii</strong></span> <span class='ocrx_word' id='word_1_143' title='bbox 553 1629 708 1706; x_wconf 85' lang='lat' dir='ltr'><strong>judicando</strong></span> <span class='ocrx_word' id='word_1_144' title='bbox 721 1631 830 1687; x_wconf 82' lang='lat' dir='ltr'><strong>literam</strong></span> <span class='ocrx_word' id='word_1_145' title='bbox 841 1649 927 1705; x_wconf 89' lang='lat' dir='ltr'><strong>quam</strong></span> <span class='ocrx_word' id='word_1_146' title='bbox 941 1630 1015 1687; x_wconf 90' lang='lat' dir='ltr'><strong>illam</strong></span> <span class='ocrx_word' id='word_1_147' title='bbox 1027 1631 1135 1687; x_wconf 84' lang='lat' dir='ltr'><strong>tristem</strong></span> 
     </span>
     <span class='ocr_line' id='line_1_19' title="bbox 189 1707 1136 1786; baseline -0.002 -20"><span class='ocrx_word' id='word_1_148' title='bbox 189 1708 323 1766; x_wconf 85' lang='lat' dir='ltr'><strong>dedisset</strong></span> <span class='ocrx_word' id='word_1_149' title='bbox 366 1708 437 1765; x_wconf 84' lang='lat' dir='ltr'><strong>Mihi</strong></span> <span class='ocrx_word' id='word_1_150' title='bbox 450 1726 517 1764; x_wconf 93' lang='lat' dir='ltr'><strong>vero</strong></span> <span class='ocrx_word' id='word_1_151' title='bbox 531 1708 582 1765; x_wconf 76' lang='lat' dir='ltr'><strong>(ln</strong></span> <span class='ocrx_word' id='word_1_152' title='bbox 597 1709 750 1784; x_wconf 90' lang='lat' dir='ltr'><strong>Pompeius</strong></span> <span class='ocrx_word' id='word_1_153' title='bbox 773 1727 828 1765; x_wconf 91' lang='lat' dir='ltr'><strong>non</strong></span> <span class='ocrx_word' id='word_1_154' title='bbox 842 1707 928 1764; x_wconf 87' lang='lat' dir='ltr'><strong>modo</strong></span> <span class='ocrx_word' id='word_1_155' title='bbox 942 1707 1009 1765; x_wconf 89' lang='lat' dir='ltr'><strong>nihil</strong></span> <span class='ocrx_word' id='word_1_156' title='bbox 1023 1707 1136 1786; x_wconf 82' lang='lat' dir='ltr'><strong>gravius</strong></span> 
     </span>
     <span class='ocr_line' id='line_1_20' title="bbox 190 1785 1136 1862; baseline -0.002 -18"><span class='ocrx_word' id='word_1_157' title='bbox 190 1794 290 1844; x_wconf 83' lang='lat' dir='ltr'><strong>contra</strong></span> <span class='ocrx_word' id='word_1_158' title='bbox 302 1785 436 1843; x_wconf 86' lang='lat' dir='ltr'><strong>Milonem</strong></span> <span class='ocrx_word' id='word_1_159' title='bbox 449 1786 598 1862; x_wconf 86' lang='lat' dir='ltr'><strong>judicasse,</strong></span> <span class='ocrx_word' id='word_1_160' title='bbox 613 1785 664 1843; x_wconf 90' lang='lat' dir='ltr'><strong>sed</strong></span> <span class='ocrx_word' id='word_1_161' title='bbox 682 1787 768 1844; x_wconf 88' lang='lat' dir='ltr'><strong>etiam</strong></span> <span class='ocrx_word' id='word_1_162' title='bbox 782 1785 914 1843; x_wconf 83' lang='lat' dir='ltr'><strong>statuisse</strong></span> <span class='ocrx_word' id='word_1_163' title='bbox 927 1786 1046 1852; x_wconf 87' lang='lat' dir='ltr'><strong>videtur,</strong></span> <span class='ocrx_word' id='word_1_164' title='bbox 1068 1785 1136 1861; x_wconf 92' lang='lat' dir='ltr'><strong>quid</strong></span> 
     </span>
     <span class='ocr_line' id='line_1_21' title="bbox 190 1863 1189 1955; baseline 0 -33"><span class='ocrx_word' id='word_1_165' title='bbox 190 1885 241 1922; x_wconf 89' lang='lat' dir='ltr'><strong>vos</strong></span> <span class='ocrx_word' id='word_1_166' title='bbox 254 1866 283 1921; x_wconf 89' lang='lat' dir='ltr'><strong>in</strong></span> <span class='ocrx_word' id='word_1_167' title='bbox 301 1864 457 1954; x_wconf 81' lang='lat' dir='ltr'><strong>judicando</strong></span> <span class='ocrx_word' id='word_1_168' title='bbox 471 1873 598 1941; x_wconf 86' lang='lat' dir='ltr'><strong>spectare</strong></span> <span class='ocrx_word' id='word_1_169' title='bbox 612 1873 762 1955; x_wconf 88' lang='lat' dir='ltr'><strong>oporteret.</strong></span> <span class='ocrx_word' id='word_1_170' title='bbox 805 1865 880 1921; x_wconf 88' lang='lat' dir='ltr'><strong>Nam</strong></span> <span class='ocrx_word' id='word_1_171' title='bbox 891 1863 939 1939; x_wconf 92' lang='lat' dir='ltr'><strong>qui</strong></span> <span class='ocrx_word' id='word_1_172' title='bbox 952 1881 1008 1920; x_wconf 89' lang='lat' dir='ltr'><strong>non</strong></span> <span class='ocrx_word' id='word_1_173' title='bbox 1023 1882 1137 1940; x_wconf 72' lang='lat' dir='ltr'><strong>pieriam</strong></span> <span class='ocrx_word' id='word_1_174' title='bbox 1150 1869 1189 1922; x_wconf 77' lang='lat'><strong>20</strong></span> 
     </span>
     <span class='ocr_line' id='line_1_22' title="bbox 190 1941 1136 2017; baseline -0.002 -17"><span class='ocrx_word' id='word_1_175' title='bbox 190 1942 365 2009; x_wconf 88' lang='lat' dir='ltr'><strong>confessioni,</strong></span> <span class='ocrx_word' id='word_1_176' title='bbox 380 1941 432 2000; x_wconf 89' lang='lat' dir='ltr'><strong>sed</strong></span> <span class='ocrx_word' id='word_1_177' title='bbox 453 1942 642 2001; x_wconf 84' lang='lat' dir='ltr'><strong>defensionem</strong></span> <span class='ocrx_word' id='word_1_178' title='bbox 656 1943 779 2010; x_wconf 76' lang='lat' dir='ltr'><strong>deditis</strong></span> <span class='ocrx_word' id='word_1_179' title='bbox 793 1960 907 2000; x_wconf 87' lang='lat' dir='ltr'><strong>causam</strong></span> <span class='ocrx_word' id='word_1_180' title='bbox 922 1941 1049 1999; x_wconf 87' lang='lat' dir='ltr'><strong>interitus</strong></span> <span class='ocrx_word' id='word_1_181' title='bbox 1060 1960 1136 2017; x_wconf 82' lang='lat' dir='ltr'><strong>quai·</strong></span> 
     </span>
     <span class='ocr_line' id='line_1_23' title="bbox 189 2019 1137 2097; baseline -0.002 -18"><span class='ocrx_word' id='word_1_182' title='bbox 189 2023 317 2088; x_wconf 86' lang='lat' dir='ltr'><strong>rendam,</strong></span> <span class='ocrx_word' id='word_1_183' title='bbox 338 2040 394 2078; x_wconf 92' lang='lat' dir='ltr'><strong>non</strong></span> <span class='ocrx_word' id='word_1_184' title='bbox 414 2020 557 2077; x_wconf 90' lang='lat' dir='ltr'><strong>interitum</strong></span> <span class='ocrx_word' id='word_1_185' title='bbox 577 2021 695 2097; x_wconf 84' lang='lat' dir='ltr'><strong>putavit</strong></span> <span class='ocrx_word' id='word_1_186' title='bbox 740 2027 785 2079; x_wconf 82' lang='lat'><strong>16</strong></span> <span class='ocrx_word' id='word_1_187' title='bbox 806 2021 873 2079; x_wconf 89' lang='lat' dir='ltr'><strong>Jam</strong></span> <span class='ocrx_word' id='word_1_188' title='bbox 892 2019 989 2078; x_wconf 88' lang='lat' dir='ltr'><strong>illud</strong></span> <span class='ocrx_word' id='word_1_189' title='bbox 981 2039 1042 2097; x_wconf 88' lang='lat' dir='ltr'><strong>ipse</strong></span> <span class='ocrx_word' id='word_1_190' title='bbox 1062 2021 1137 2078; x_wconf 89' lang='lat' dir='ltr'><strong>dicet</strong></span> 
     </span>
     <span class='ocr_line' id='line_1_24' title="bbox 191 2099 1136 2176; baseline 0.003 -21"><span class='ocrx_word' id='word_1_191' title='bbox 191 2120 243 2176; x_wconf 89' lang='lat' dir='ltr'><strong>pro</strong></span> <span class='ocrx_word' id='word_1_192' title='bbox 243 2102 328 2166; x_wconf 84' lang='lat' dir='ltr'><strong>f,ecto</strong></span> <span class='ocrx_word' id='word_1_193' title='bbox 338 2099 415 2175; x_wconf 91' lang='lat' dir='ltr'><strong>quod</strong></span> <span class='ocrx_word' id='word_1_194' title='bbox 430 2117 481 2155; x_wconf 88' lang='lat' dir='ltr'><strong>sua</strong></span> <span class='ocrx_word' id='word_1_195' title='bbox 493 2106 595 2176; x_wconf 88' lang='lat' dir='ltr'><strong>sponte</strong></span> <span class='ocrx_word' id='word_1_196' title='bbox 607 2099 683 2168; x_wconf 83' lang='lat' dir='ltr'><strong>fecit,</strong></span> <span class='ocrx_word' id='word_1_197' title='bbox 695 2100 832 2157; x_wconf 85' lang='lat' dir='ltr'><strong>Publione</strong></span> <span class='ocrx_word' id='word_1_198' title='bbox 842 2099 942 2157; x_wconf 82' lang='lat' dir='ltr'><strong>Clodio</strong></span> <span class='ocrx_word' id='word_1_199' title='bbox 955 2099 1136 2158; x_wconf 87' lang='lat' dir='ltr'><strong>tribuendum</strong></span> 
     </span>
     <span class='ocr_line' id='line_1_25' title="bbox 190 2178 490 2256; baseline -0.003 -21"><span class='ocrx_word' id='word_1_200' title='bbox 190 2180 298 2256; x_wconf 88' lang='lat' dir='ltr'><strong>putarit</strong></span> <span class='ocrx_word' id='word_1_201' title='bbox 311 2196 348 2234; x_wconf 90' lang='lat' dir='ltr'><strong>an</strong></span> <span class='ocrx_word' id='word_1_202' title='bbox 361 2178 490 2254; x_wconf 85' lang='lat' dir='ltr'><strong>tempori.</strong></span> 
     </span>
    </p>

    <p class='ocr_par' dir='ltr' id='par_1_5' title="bbox 190 2255 1190 3825">
     <span class='ocr_line' id='line_1_26' title="bbox 230 2255 1188 2334; baseline 0.003 -20"><span class='ocrx_word' id='word_1_203' title='bbox 230 2259 300 2315; x_wconf 86' lang='lat' dir='ltr'><strong>VII.</strong></span> <span class='ocrx_word' id='word_1_204' title='bbox 331 2257 416 2314; x_wconf 88' lang='lat' dir='ltr'><strong>Domi</strong></span> <span class='ocrx_word' id='word_1_205' title='bbox 437 2274 497 2313; x_wconf 83' lang='lat' dir='ltr'><strong>suae</strong></span> <span class='ocrx_word' id='word_1_206' title='bbox 519 2256 707 2314; x_wconf 88' lang='lat' dir='ltr'><strong>nobilissimus</strong></span> <span class='ocrx_word' id='word_1_207' title='bbox 730 2255 780 2323; x_wconf 85' lang='lat' dir='ltr'><strong>vir,</strong></span> <span class='ocrx_word' id='word_1_208' title='bbox 804 2263 919 2314; x_wconf 87' lang='lat' dir='ltr'><strong>senatus</strong></span> <span class='ocrx_word' id='word_1_209' title='bbox 943 2262 1188 2334; x_wconf 63' lang='lat' dir='ltr'><strong>propugnatorii</strong></span> 
     </span>
     <span class='ocr_line' id='line_1_27' title="bbox 190 2335 1137 2492; baseline -0.004 -19"><span class='ocrx_word' id='word_1_210' title='bbox 190 2343 278 2492; x_wconf 67' lang='lat' dir='ltr'><strong>itt}</strong></span> <span class='ocrx_word' id='word_1_211' title='bbox 297 2322 688 2492; x_wconf 63' lang='lat' dir='ltr'><strong>lbiiltttttltt</strong></span> <span class='ocrx_word' id='word_1_212' title='bbox 709 2335 1137 2471; x_wconf 51' lang='lat' dir='ltr'><strong>tribunitii</strong></span> 
     </span>
     <span class='ocr_line' id='line_1_28' title="bbox 192 2492 1138 2571; baseline -0.001 -21"><span class='ocrx_word' id='word_1_213' title='bbox 192 2494 282 2571; x_wconf 89' lang='lat' dir='ltr'><strong>plebis</strong></span> <span class='ocrx_word' id='word_1_214' title='bbox 297 2494 336 2550; x_wconf 90' lang='lat' dir='ltr'><strong>M.</strong></span> <span class='ocrx_word' id='word_1_215' title='bbox 352 2493 463 2550; x_wconf 86' lang='lat' dir='ltr'><strong>Drusus</strong></span> <span class='ocrx_word' id='word_1_216' title='bbox 476 2493 586 2549; x_wconf 85' lang='lat' dir='ltr'><strong>occisus</strong></span> <span class='ocrx_word' id='word_1_217' title='bbox 599 2500 651 2551; x_wconf 88' lang='lat' dir='ltr'><strong>eat.</strong></span> <span class='ocrx_word' id='word_1_218' title='bbox 693 2493 770 2551; x_wconf 86' lang='lat' dir='ltr'><strong>Nihil</strong></span> <span class='ocrx_word' id='word_1_219' title='bbox 785 2494 821 2552; x_wconf 91' lang='lat' dir='ltr'><strong>de</strong></span> <span class='ocrx_word' id='word_1_220' title='bbox 834 2493 897 2569; x_wconf 88' lang='lat' dir='ltr'><strong>ejus</strong></span> <span class='ocrx_word' id='word_1_221' title='bbox 910 2500 1000 2550; x_wconf 86' lang='lat' dir='ltr'><strong>morte</strong></span> <span class='ocrx_word' id='word_1_222' title='bbox 1015 2492 1138 2569; x_wconf 89' lang='lat' dir='ltr'><strong>populus</strong></span> 
     </span>
     <span class='ocr_line' id='line_1_29' title="bbox 192 2571 1137 2647; baseline -0.003 -17"><span class='ocrx_word' id='word_1_223' title='bbox 192 2572 346 2638; x_wconf 88' lang='lat' dir='ltr'><strong>consultus,</strong></span> <span class='ocrx_word' id='word_1_224' title='bbox 361 2571 438 2628; x_wconf 88' lang='lat' dir='ltr'><strong>nulla</strong></span> <span class='ocrx_word' id='word_1_225' title='bbox 461 2571 580 2647; x_wconf 83' lang='lat' dir='ltr'><strong>quaeatio</strong></span> <span class='ocrx_word' id='word_1_226' title='bbox 601 2571 717 2629; x_wconf 88' lang='lat' dir='ltr'><strong>decreta</strong></span> <span class='ocrx_word' id='word_1_227' title='bbox 740 2591 757 2628; x_wconf 88' lang='lat' dir='ltr'><strong>a</strong></span> <span class='ocrx_word' id='word_1_228' title='bbox 780 2580 880 2630; x_wconf 84' lang='lat' dir='ltr'><strong>senatu</strong></span> <span class='ocrx_word' id='word_1_229' title='bbox 899 2579 951 2629; x_wconf 86' lang='lat' dir='ltr'><strong>eat.</strong></span> <span class='ocrx_word' id='word_1_230' title='bbox 992 2572 1137 2641; x_wconf 81' lang='lat' dir='ltr'><strong>Quantum</strong></span> 
     </span>
     <span class='ocr_line' id='line_1_30' title="bbox 191 2649 1189 2741; baseline -0.003 -33"><span class='ocrx_word' id='word_1_231' title='bbox 191 2651 301 2708; x_wconf 86' lang='lat' dir='ltr'><strong>luctum</strong></span> <span class='ocrx_word' id='word_1_232' title='bbox 323 2651 353 2706; x_wconf 90' lang='lat' dir='ltr'><strong>iii</strong></span> <span class='ocrx_word' id='word_1_233' title='bbox 376 2650 429 2706; x_wconf 86' lang='lat' dir='ltr'><strong>hac</strong></span> <span class='ocrx_word' id='word_1_234' title='bbox 450 2651 520 2707; x_wconf 90' lang='lat' dir='ltr'><strong>urbe</strong></span> <span class='ocrx_word' id='word_1_235' title='bbox 544 2650 630 2707; x_wconf 87' lang='lat' dir='ltr'><strong>fuisse</strong></span> <span class='ocrx_word' id='word_1_236' title='bbox 654 2669 671 2707; x_wconf 91' lang='lat' dir='ltr'><strong>a</strong></span> <span class='ocrx_word' id='word_1_237' title='bbox 691 2652 794 2709; x_wconf 89' lang='lat' dir='ltr'><strong>nostris</strong></span> <span class='ocrx_word' id='word_1_238' title='bbox 818 2650 945 2741; x_wconf 86' lang='lat' dir='ltr'><strong>patribus</strong></span> <span class='ocrx_word' id='word_1_239' title='bbox 968 2649 1136 2740; x_wconf 80' lang='lat' dir='ltr'><strong>accepimus,</strong></span> <span class='ocrx_word' id='word_1_240' title='bbox 1150 2652 1189 2706; x_wconf 83' lang='grc'><strong>30</strong></span> 
     </span>
     <span class='ocr_line' id='line_1_31' title="bbox 193 2727 1137 2806; baseline -0.003 -20"><span class='ocrx_word' id='word_1_241' title='bbox 193 2748 280 2805; x_wconf 90' lang='lat' dir='ltr'><strong>quum</strong></span> <span class='ocrx_word' id='word_1_242' title='bbox 301 2729 336 2786; x_wconf 95' lang='lat' dir='ltr'><strong>P.</strong></span> <span class='ocrx_word' id='word_1_243' title='bbox 352 2728 496 2794; x_wconf 80' lang='lat' dir='ltr'><strong>Africano,</strong></span> <span class='ocrx_word' id='word_1_244' title='bbox 511 2728 588 2785; x_wconf 89' lang='lat' dir='ltr'><strong>domi</strong></span> <span class='ocrx_word' id='word_1_245' title='bbox 601 2747 661 2786; x_wconf 84' lang='lat' dir='ltr'><strong>suae</strong></span> <span class='ocrx_word' id='word_1_246' title='bbox 684 2729 845 2806; x_wconf 89' lang='lat' dir='ltr'><strong>quiescenti,</strong></span> <span class='ocrx_word' id='word_1_247' title='bbox 869 2728 917 2786; x_wconf 87' lang='lat' dir='ltr'><strong>illa</strong></span> <span class='ocrx_word' id='word_1_248' title='bbox 935 2738 1072 2785; x_wconf 90' lang='lat' dir='ltr'><strong>nocturna</strong></span> <span class='ocrx_word' id='word_1_249' title='bbox 1095 2727 1137 2784; x_wconf 91' lang='lat' dir='ltr'><strong>vis</strong></span> 
     </span>
     <span class='ocr_line' id='line_1_32' title="bbox 193 2806 1137 2886; baseline -0.004 -21"><span class='ocrx_word' id='word_1_250' title='bbox 193 2816 268 2865; x_wconf 86' lang='lat' dir='ltr'><strong>esset</strong></span> <span class='ocrx_word' id='word_1_251' title='bbox 287 2807 388 2864; x_wconf 77' lang='lat' dir='ltr'><strong>illata?</strong></span> <span class='ocrx_word' id='word_1_252' title='bbox 410 2808 472 2883; x_wconf 92' lang='lat' dir='ltr'><strong>quis</strong></span> <span class='ocrx_word' id='word_1_253' title='bbox 495 2813 557 2864; x_wconf 90' lang='lat' dir='ltr'><strong>tum</strong></span> <span class='ocrx_word' id='word_1_254' title='bbox 571 2826 627 2864; x_wconf 92' lang='lat' dir='ltr'><strong>non</strong></span> <span class='ocrx_word' id='word_1_255' title='bbox 650 2808 781 2886; x_wconf 66' lang='lat' dir='ltr'><strong>gemuit‘)</strong></span> <span class='ocrx_word' id='word_1_256' title='bbox 802 2808 934 2884; x_wconf 87' lang='lat' dir='ltr'><strong>quianon</strong></span> <span class='ocrx_word' id='word_1_257' title='bbox 950 2807 1018 2864; x_wconf 86' lang='lat' dir='ltr'><strong>arsit</strong></span> <span class='ocrx_word' id='word_1_258' title='bbox 1031 2806 1137 2872; x_wconf 91' lang='lat' dir='ltr'><strong>dolore,</strong></span> 
     </span>
     <span class='ocr_line' id='line_1_33' title="bbox 193 2883 1137 2962; baseline -0.002 -20"><span class='ocrx_word' id='word_1_259' title='bbox 193 2905 276 2962; x_wconf 91' lang='lat' dir='ltr'><strong>quem</strong></span> <span class='ocrx_word' id='word_1_260' title='bbox 291 2885 488 2951; x_wconf 84' lang='lat' dir='ltr'><strong>immortalem,</strong></span> <span class='ocrx_word' id='word_1_261' title='bbox 499 2904 523 2942; x_wconf 93' lang='lat' dir='ltr'><strong>ai</strong></span> <span class='ocrx_word' id='word_1_262' title='bbox 515 2884 596 2942; x_wconf 88' lang='lat' dir='ltr'><strong>&#39;fieri</strong></span> <span class='ocrx_word' id='word_1_263' title='bbox 610 2894 715 2962; x_wconf 89' lang='lat' dir='ltr'><strong>posset,</strong></span> <span class='ocrx_word' id='word_1_264' title='bbox 730 2904 827 2944; x_wconf 90' lang='lat' dir='ltr'><strong>omnes</strong></span> <span class='ocrx_word' id='word_1_265' title='bbox 840 2905 902 2943; x_wconf 87' lang='lat' dir='ltr'><strong>ease</strong></span> <span class='ocrx_word' id='word_1_266' title='bbox 916 2894 1060 2961; x_wconf 87' lang='lat' dir='ltr'><strong>cuperent,</strong></span> <span class='ocrx_word' id='word_1_267' title='bbox 1075 2883 1137 2960; x_wconf 86' lang='lat' dir='ltr'><strong>ejus</strong></span> 
     </span>
     <span class='ocr_line' id='line_1_34' title="bbox 193 2962 1137 3041; baseline -0.002 -21"><span class='ocrx_word' id='word_1_268' title='bbox 193 2983 227 3021; x_wconf 87' lang='lat' dir='ltr'><strong>ne</strong></span> <span class='ocrx_word' id='word_1_269' title='bbox 244 2964 431 3022; x_wconf 83' lang='lat' dir='ltr'><strong>necessariam</strong></span> <span class='ocrx_word' id='word_1_270' title='bbox 451 2963 564 3040; x_wconf 88' lang='lat' dir='ltr'><strong>quidem</strong></span> <span class='ocrx_word' id='word_1_271' title='bbox 585 2972 775 3041; x_wconf 81' lang='lat' dir='ltr'><strong>exspectatam</strong></span> <span class='ocrx_word' id='word_1_272' title='bbox 793 2983 855 3023; x_wconf 89' lang='lat' dir='ltr'><strong>esse</strong></span> <span class='ocrx_word' id='word_1_273' title='bbox 876 2964 1018 3021; x_wconf 75' lang='lat' dir='ltr'><strong>mortem⁹</strong></span> <span class='ocrx_word' id='word_1_274' title='bbox 1060 2962 1137 3018; x_wconf 88' lang='lat' dir='ltr'><strong>Num</strong></span> 
     </span>
     <span class='ocr_line' id='line_1_35' title="bbox 193 3041 1189 3119; baseline -0.001 -20"><span class='ocrx_word' id='word_1_275' title='bbox 193 3043 278 3119; x_wconf 86' lang='lat' dir='ltr'><strong>igitur</strong></span> <span class='ocrx_word' id='word_1_276' title='bbox 305 3042 364 3099; x_wconf 90' lang='lat' dir='ltr'><strong>ulla</strong></span> <span class='ocrx_word' id='word_1_277' title='bbox 386 3043 507 3117; x_wconf 82' lang='lat' dir='ltr'><strong>quaestio</strong></span> <span class='ocrx_word' id='word_1_278' title='bbox 530 3042 567 3099; x_wconf 88' lang='lat' dir='ltr'><strong>de</strong></span> <span class='ocrx_word' id='word_1_279' title='bbox 590 3042 717 3100; x_wconf 83' lang='lat' dir='ltr'><strong>Africani</strong></span> <span class='ocrx_word' id='word_1_280' title='bbox 739 3052 833 3101; x_wconf 87' lang='lat' dir='ltr'><strong>morte</strong></span> <span class='ocrx_word' id='word_1_281' title='bbox 856 3043 915 3100; x_wconf 88' lang='lat' dir='ltr'><strong>lata</strong></span> <span class='ocrx_word' id='word_1_282' title='bbox 938 3043 1004 3099; x_wconf 79' lang='lat' dir='ltr'><strong>eat?</strong></span> <span class='ocrx_word' id='word_1_283' title='bbox 1054 3041 1138 3097; x_wconf 82' lang='lat' dir='ltr'><strong>Certe</strong></span> <span class='ocrx_word' id='word_1_284' title='bbox 1151 3045 1189 3098; x_wconf 75' lang='lat' dir='ltr'><strong>ab</strong></span> 
     </span>
     <span class='ocr_line' id='line_1_36' title="bbox 194 3119 1136 3190; baseline -0.003 -13"><span class='ocrx_word' id='word_1_285' title='bbox 194 3122 279 3179; x_wconf 86' lang='lat' dir='ltr'><strong>nulla.</strong></span> <span class='ocrx_word' id='word_1_286' title='bbox 317 3121 362 3178; x_wconf 83' lang='grc'><strong>17.</strong></span> <span class='ocrx_word' id='word_1_287' title='bbox 384 3120 459 3189; x_wconf 77' lang='lat' dir='ltr'><strong>Qiiid</strong></span> <span class='ocrx_word' id='word_1_288' title='bbox 474 3121 535 3177; x_wconf 83' lang='lat' dir='ltr'><strong>ita?</strong></span> <span class='ocrx_word' id='word_1_289' title='bbox 565 3120 637 3190; x_wconf 87' lang='lat' dir='ltr'><strong>Quia</strong></span> <span class='ocrx_word' id='word_1_290' title='bbox 650 3139 707 3177; x_wconf 91' lang='lat' dir='ltr'><strong>non</strong></span> <span class='ocrx_word' id='word_1_291' title='bbox 721 3121 775 3179; x_wconf 91' lang='lat' dir='ltr'><strong>alio</strong></span> <span class='ocrx_word' id='word_1_292' title='bbox 785 3122 908 3178; x_wconf 83' lang='lat' dir='ltr'><strong>facinore</strong></span> <span class='ocrx_word' id='word_1_293' title='bbox 921 3120 988 3177; x_wconf 86' lang='lat' dir='ltr'><strong>clari</strong></span> <span class='ocrx_word' id='word_1_294' title='bbox 1001 3119 1136 3185; x_wconf 89' lang='lat' dir='ltr'><strong>homines,</strong></span> 
     </span>
     <span class='ocr_line' id='line_1_37' title="bbox 195 3198 1138 3276; baseline -0.001 -21"><span class='ocrx_word' id='word_1_295' title='bbox 195 3200 248 3256; x_wconf 87' lang='lat' dir='ltr'><strong>alio</strong></span> <span class='ocrx_word' id='word_1_296' title='bbox 268 3199 381 3257; x_wconf 85' lang='lat' dir='ltr'><strong>obscuri</strong></span> <span class='ocrx_word' id='word_1_297' title='bbox 402 3207 544 3256; x_wconf 86' lang='lat' dir='ltr'><strong>necantur</strong></span> <span class='ocrx_word' id='word_1_298' title='bbox 586 3199 701 3256; x_wconf 89' lang='lat' dir='ltr'><strong>Intersit</strong></span> <span class='ocrx_word' id='word_1_299' title='bbox 718 3199 790 3257; x_wconf 88' lang='lat' dir='ltr'><strong>inter</strong></span> <span class='ocrx_word' id='word_1_300' title='bbox 802 3201 868 3255; x_wconf 86' lang='lat' dir='ltr'><strong>vitae</strong></span> <span class='ocrx_word' id='word_1_301' title='bbox 882 3198 1048 3276; x_wconf 87' lang='lat' dir='ltr'><strong>dignitatem</strong></span> <span class='ocrx_word' id='word_1_302' title='bbox 1062 3217 1138 3255; x_wconf 92' lang='lat' dir='ltr'><strong>aum·</strong></span> 
     </span>
     <span class='ocr_line' id='line_1_38' title="bbox 195 3276 1139 3370; baseline 0 -37"><span class='ocrx_word' id='word_1_303' title='bbox 195 3297 305 3335; x_wconf 89' lang='lat' dir='ltr'><strong>morum</strong></span> <span class='ocrx_word' id='word_1_304' title='bbox 327 3284 430 3370; x_wconf 40' lang='lat' dir='ltr'><strong>atque·</strong></span> <span class='ocrx_word' id='word_1_305' title='bbox 434 3278 610 3344; x_wconf 68' lang='lat' dir='ltr'><strong>infimorum</strong></span> <span class='ocrx_word' id='word_1_306' title='bbox 638 3296 715 3335; x_wconf 89' lang='lat' dir='ltr'><strong>mors</strong></span> <span class='ocrx_word' id='word_1_307' title='bbox 739 3278 852 3354; x_wconf 91' lang='lat' dir='ltr'><strong>quidem</strong></span> <span class='ocrx_word' id='word_1_308' title='bbox 873 3277 951 3334; x_wconf 86' lang='lat' dir='ltr'><strong>illata</strong></span> <span class='ocrx_word' id='word_1_309' title='bbox 974 3296 1025 3354; x_wconf 87' lang='lat' dir='ltr'><strong>per</strong></span> <span class='ocrx_word' id='word_1_310' title='bbox 1047 3276 1139 3333; x_wconf 90' lang='lat' dir='ltr'><strong>scelus</strong></span> 
     </span>
     <span class='ocr_line' id='line_1_39' title="bbox 195 3355 1138 3446; baseline -0.001 -34"><span class='ocrx_word' id='word_1_311' title='bbox 195 3356 293 3413; x_wconf 91' lang='lat' dir='ltr'><strong>iisdem</strong></span> <span class='ocrx_word' id='word_1_312' title='bbox 307 3364 336 3413; x_wconf 88' lang='lat' dir='ltr'><strong>et</strong></span> <span class='ocrx_word' id='word_1_313' title='bbox 355 3358 446 3431; x_wconf 89' lang='lat' dir='ltr'><strong>poenis</strong></span> <span class='ocrx_word' id='word_1_314' title='bbox 460 3364 589 3415; x_wconf 87' lang='lat' dir='ltr'><strong>teneatur</strong></span> <span class='ocrx_word' id='word_1_315' title='bbox 602 3363 632 3414; x_wconf 91' lang='lat' dir='ltr'><strong>et</strong></span> <span class='ocrx_word' id='word_1_316' title='bbox 654 3356 773 3433; x_wconf 89' lang='lat' dir='ltr'><strong>legibus.</strong></span> <span class='ocrx_word' id='word_1_317' title='bbox 814 3355 876 3413; x_wconf 86' lang='lat' dir='ltr'><strong>Nisi</strong></span> <span class='ocrx_word' id='word_1_318' title='bbox 895 3355 951 3412; x_wconf 80' lang='lat' dir='ltr'><strong>fort</strong></span> <span class='ocrx_word' id='word_1_319' title='bbox 940 3364 968 3412; x_wconf 89' lang='lat' dir='ltr'><strong>te</strong></span> <span class='ocrx_word' id='word_1_320' title='bbox 968 3355 1072 3446; x_wconf 85' lang='lat' dir='ltr'><strong>magis</strong></span> <span class='ocrx_word' id='word_1_321' title='bbox 1087 3355 1138 3411; x_wconf 91' lang='lat' dir='ltr'><strong>erit</strong></span> 
     </span>
     <span class='ocr_line' id='line_1_40' title="bbox 196 3433 1190 3523; baseline -0.004 -32"><span class='ocrx_word' id='word_1_322' title='bbox 196 3434 380 3510; x_wconf 48' lang='lat' dir='ltr'><strong>parricidas</strong></span> <span class='ocrx_word' id='word_1_323' title='bbox 358 3453 381 3491; x_wconf 89' lang='lat' dir='ltr'><strong>si</strong></span> <span class='ocrx_word' id='word_1_324' title='bbox 394 3435 441 3510; x_wconf 93' lang='lat' dir='ltr'><strong>qui</strong></span> <span class='ocrx_word' id='word_1_325' title='bbox 461 3435 636 3492; x_wconf 85' lang='lat' dir='ltr'><strong>consularem</strong></span> <span class='ocrx_word' id='word_1_326' title='bbox 650 3442 768 3523; x_wconf 74' lang='lat' dir='ltr'><strong>patrem,</strong></span> <span class='ocrx_word' id='word_1_327' title='bbox 783 3452 868 3510; x_wconf 84' lang='lat' dir='ltr'><strong>quam</strong></span> <span class='ocrx_word' id='word_1_328' title='bbox 882 3435 906 3492; x_wconf 89' lang='lat' dir='ltr'><strong>si</strong></span> <span class='ocrx_word' id='word_1_329' title='bbox 929 3433 991 3510; x_wconf 90' lang='lat' dir='ltr'><strong>quis</strong></span> <span class='ocrx_word' id='word_1_330' title='bbox 1004 3433 1138 3491; x_wconf 91' lang='lat' dir='ltr'><strong>humilem</strong></span> <span class='ocrx_word' id='word_1_331' title='bbox 1151 3434 1190 3487; x_wconf 82' lang='lat'><strong>40</strong></span> 
     </span>
     <span class='ocr_line' id='line_1_41' title="bbox 195 3510 1139 3588; baseline 0 -20"><span class='ocrx_word' id='word_1_332' title='bbox 195 3513 345 3579; x_wconf 85' lang='lat' dir='ltr'><strong>necaverit,</strong></span> <span class='ocrx_word' id='word_1_333' title='bbox 367 3521 417 3570; x_wconf 85' lang='lat' dir='ltr'><strong>aut</strong></span> <span class='ocrx_word' id='word_1_334' title='bbox 440 3532 475 3571; x_wconf 93' lang='lat' dir='ltr'><strong>eo</strong></span> <span class='ocrx_word' id='word_1_335' title='bbox 494 3532 571 3570; x_wconf 91' lang='lat' dir='ltr'><strong>mors</strong></span> <span class='ocrx_word' id='word_1_336' title='bbox 591 3512 712 3569; x_wconf 86' lang='lat' dir='ltr'><strong>atrocior</strong></span> <span class='ocrx_word' id='word_1_337' title='bbox 733 3513 786 3569; x_wconf 89' lang='lat' dir='ltr'><strong>erit</strong></span> <span class='ocrx_word' id='word_1_338' title='bbox 808 3512 841 3570; x_wconf 90' lang='lat' dir='ltr'><strong>P.</strong></span> <span class='ocrx_word' id='word_1_339' title='bbox 858 3512 957 3579; x_wconf 82' lang='lat' dir='ltr'><strong>Clodii,</strong></span> <span class='ocrx_word' id='word_1_340' title='bbox 974 3510 1117 3588; x_wconf 91' lang='lat' dir='ltr'><strong>quod&#39;</strong></span> <span class='ocrx_word' id='word_1_341' title='bbox 1070 3530 1139 3569; x_wconf 91' lang='grc' dir='ltr'>ιιιιι</span> 
     </span>
     <span class='ocr_line' id='line_1_42' title="bbox 195 3589 1139 3669; baseline -0.001 -23"><span class='ocrx_word' id='word_1_342' title='bbox 195 3592 384 3649; x_wconf 87' lang='lat' dir='ltr'><strong>monumentis</strong></span> <span class='ocrx_word' id='word_1_343' title='bbox 405 3592 545 3669; x_wconf 87' lang='lat' dir='ltr'><strong>majorum</strong></span> <span class='ocrx_word' id='word_1_344' title='bbox 568 3609 684 3648; x_wconf 88' lang='lat' dir='ltr'><strong>suorum</strong></span> <span class='ocrx_word' id='word_1_345' title='bbox 707 3591 744 3648; x_wconf 87' lang='lat' dir='ltr'><strong>sit</strong></span> <span class='ocrx_word' id='word_1_346' title='bbox 766 3589 937 3648; x_wconf 81' lang='lat' dir='ltr'><strong>interfectus</strong></span> <span class='ocrx_word' id='word_1_347' title='bbox 979 3591 1043 3649; x_wconf 91' lang='lat' dir='ltr'><strong>Hoc</strong></span> <span class='ocrx_word' id='word_1_348' title='bbox 1065 3589 1139 3648; x_wconf 89' lang='lat' dir='ltr'><strong>enim</strong></span> 
     </span>
     <span class='ocr_line' id='line_1_43' title="bbox 197 3667 1139 3762; baseline -0.003 -37"><span class='ocrx_word' id='word_1_349' title='bbox 197 3671 233 3727; x_wconf 89' lang='lat' dir='ltr'><strong>ab</strong></span> <span class='ocrx_word' id='word_1_350' title='bbox 256 3670 317 3726; x_wconf 86' lang='lat' dir='ltr'><strong>istis</strong></span> <span class='ocrx_word' id='word_1_351' title='bbox 338 3686 416 3762; x_wconf 63' lang='lat' dir='ltr'><strong>sfepe</strong></span> <span class='ocrx_word' id='word_1_352' title='bbox 439 3670 556 3736; x_wconf 88' lang='lat' dir='ltr'><strong>dicitur;</strong></span> <span class='ocrx_word' id='word_1_353' title='bbox 587 3667 704 3745; x_wconf 89' lang='lat' dir='ltr'><strong>proinde</strong></span> <span class='ocrx_word' id='word_1_354' title='bbox 727 3670 807 3747; x_wconf 85' lang='lat' dir='ltr'><strong>quasi</strong></span> <span class='ocrx_word' id='word_1_355' title='bbox 826 3669 942 3745; x_wconf 89' lang='lat' dir='ltr'><strong>Appius</strong></span> <span class='ocrx_word' id='word_1_356' title='bbox 963 3669 1011 3726; x_wconf 90' lang='lat' dir='ltr'><strong>ille</strong></span> <span class='ocrx_word' id='word_1_357' title='bbox 1035 3668 1139 3725; x_wconf 80' lang='lat' dir='ltr'><strong>Caecus</strong></span> 
     </span>
     <span class='ocr_line' id='line_1_44' title="bbox 196 3746 1139 3825; baseline -0.002 -21"><span class='ocrx_word' id='word_1_358' title='bbox 196 3746 269 3805; x_wconf 84' lang='lat' dir='ltr'><strong>viem</strong></span> <span class='ocrx_word' id='word_1_359' title='bbox 282 3748 438 3818; x_wconf 77' lang='lat' dir='ltr'><strong>mimiverit,</strong></span> <span class='ocrx_word' id='word_1_360' title='bbox 453 3767 511 3806; x_wconf 88' lang='lat' dir='ltr'><strong>non</strong></span> <span class='ocrx_word' id='word_1_361' title='bbox 524 3767 581 3825; x_wconf 90' lang='lat' dir='ltr'><strong>qua</strong></span> <span class='ocrx_word' id='word_1_362' title='bbox 594 3747 719 3825; x_wconf 90' lang='lat' dir='ltr'><strong>populus</strong></span> <span class='ocrx_word' id='word_1_363' title='bbox 731 3755 867 3814; x_wconf 88' lang='lat' dir='ltr'><strong>uteretur,</strong></span> <span class='ocrx_word' id='word_1_364' title='bbox 882 3748 933 3806; x_wconf 89' lang='lat' dir='ltr'><strong>sed</strong></span> <span class='ocrx_word' id='word_1_365' title='bbox 956 3746 1031 3805; x_wconf 91' lang='lat' dir='ltr'><strong>ubi&#39;</strong></span> <span class='ocrx_word' id='word_1_366' title='bbox 1024 3761 1139 3822; x_wconf 88' lang='lat' dir='ltr'><strong>impune</strong></span> 
     </span>
    </p>
   </div>
   <div class='ocr_carea' id='block_1_4' title="bbox 0 0 1382 4384">
    <p class='ocr_par' dir='ltr' id='par_1_6' title="bbox 0 0 1382 4384">
     <span class='ocr_line' id='line_1_45' title="bbox 0 0 1382 4384; baseline 0 0"><span class='ocrx_word' id='word_1_367' title='bbox 0 0 1382 4384; x_wconf 95' lang='lat' dir='ltr'><strong> </strong></span> 
     </span>
    </p>
   </div>
  </div>
 </body>
</html>
