2742 4384
192 272 251 333 ,116
664 285 772 325 ourrro

243 414 403 491 reprimere,
419 415 442 472 si
456 421 580 492 possent,
592 434 679 492 quum
693 422 803 472 tantum
817 415 984 472 beneficium
1003 416 1072 472 eise
1087 415 1192 473 debere

244 495 455 561 arbitrarentur,
480 504 517 560 et,
538 494 561 550 si
585 494 699 560 vellent,
719 494 838 550 fortasse
856 495 903 550 vix
923 501 1039 570 possent
1062 496 1193 571 frangere

244 572 364 630 hominis
375 573 580 631 sceleratissimi
590 573 800 630 corroboratam
811 572 872 649 jam
882 581 1025 630 vetustate
1035 573 1191 630 audaciam.

245 658 292 709 33.
314 653 363 708 An
376 671 452 718 vero,
465 652 584 728 judices,
599 670 650 708 vos
664 651 717 708 soli
732 651 876 728 ignoratis,
890 671 941 709 vos
955 652 1081 728 hospites
1095 652 1124 707 iu
1136 653 1191 709 hac

213 731 314 790 ambe
334 731 505 787 versamini?
526 739 629 788 vestrae
648 730 863 808 peregrinantur
882 748 965 788 aures
978 749 1070 807 neque
1088 730 1116 786 in
1136 732 1192 787 hoc

244 816 401 887 pervagato
422 809 544 866 civitatis
565 827 693 867 sermone
717 817 872 875 versantur,
894 827 965 886 quas
985 810 1032 866 ille
1056 809 1134 887 leges
1156 807 1192 884 (si

243 889 322 965 leges
335 888 512 945 nominandae
526 895 599 955 sunt,
615 906 648 944 ae
667 906 723 945 uon
736 887 812 944 faces
831 888 917 954 urbis,
932 896 1028 965 pestes
1041 888 1081 945 rei
1099 888 1190 964 publi·

244 968 297 1044 cae)
325 966 411 1024 fuerit
427 966 620 1043 impositurus
648 966 728 1023 nobis
756 965 886 1023 omnibus
909 975 995 1044 atque
1024 967 1190 1024 inusturus‘?

244 1045 362 1112 Exhibe,
377 1065 485 1123 quaeso,
502 1045 588 1103 Sexte
610 1045 701 1112 Clodi,
717 1046 819 1102 exhibe
832 1045 978 1102 librarium
1003 1045 1073 1102 illud
1093 1046 1191 1123 legum

194 1131 231 1182 10
245 1134 409 1191 vestrarum,
430 1124 506 1200 quod
531 1133 559 1181 te
579 1125 658 1181 aiunt
682 1125 817 1201 eripuisse
841 1143 857 1181 e
878 1124 963 1181 domo
983 1132 1013 1182 et
1035 1143 1071 1180 ex
1092 1123 1191 1181 mediis

244 1203 328 1259 armis
346 1205 486 1279 turbaque
501 1211 636 1260 nocturna
656 1209 801 1280 tamquam
821 1203 983 1259 Palladium
997 1203 1137 1269 extulisse,
1157 1210 1191 1260 ut

244 1282 413 1357 praeclarum
428 1282 558 1339 videlicet
573 1300 674 1338 munus
694 1288 780 1357 atque
793 1281 1011 1338 instrumentum
1031 1282 1191 1339 tribunatus

245 1360 282 1416 ad
306 1360 435 1436 aliquem,
452 1361 474 1417 si
499 1368 598 1417 nactus
623 1378 708 1426 esses,
733 1359 781 1435 qui
803 1368 854 1416 tuo
878 1360 991 1417 arbitrio
1015 1360 1191 1417 tribunatum

244 1446 363 1516 gereret,
386 1439 496 1496 deferre
517 1457 621 1513 posses.
664 1440 763 1515 Atque
784 1457 835 1514 per
849 1437 868 1472 '¹‘
884 1436 902 1472 *
918 1437 945 1496 *.
977 1440 1026 1495 An
1044 1439 1130 1514 hujus
1144 1439 1191 1496 ille

194 1525 230 1577 15
245 1518 323 1594 legis,
333 1536 419 1593 quam
433 1518 497 1575 Sex.
509 1517 625 1574 Clodius
639 1536 656 1572 a
670 1536 701 1574 se
715 1518 856 1574 inventam
866 1517 1009 1595 gloriatur,
1021 1517 1192 1574 mentionem

244 1596 336 1653 lacere
360 1615 446 1653 ausus
469 1603 551 1662 esset,
576 1596 639 1652 vivo
657 1596 778 1661 -Milone,
793 1614 828 1652 ne
847 1595 938 1652 dicam
961 1596 1096 1653 consule?
1145 1597 1191 1653 De

243 1684 370 1731 nostrum
384 1674 603 1732 omnium-non
616 1674 810 1742 audeototum
825 1674 925 1731 dicere.
955 1674 1066 1739 Videte,
1078 1675 1145 1750 quid
1156 1693 1192 1731 ea

244 1754 302 1810 vitii
321 1754 367 1810 lex
381 1754 511 1812 habitura
525 1753 617 1819 luerit,
640 1754 722 1829 cujus
737 1753 893 1829 periculosa
906 1753 991 1810 etiam
1010 1753 1191 1829 reprehensio

244 1840 295 1890 est.
327 1832 365 1888 Et
378 1833 509 1908 adspexit
521 1850 567 1889 me
581 1831 633 1888 illis
644 1831 759 1908 quidem
773 1832 869 1898 oculis,
881 1833 984 1908 quibus
998 1839 1059 1889 tum
1070 1831 1189 1899 solebat,

194 1917 231 1969 20
244 1932 330 1988 quum
345 1912 472 1970 omnibus
486 1911 579 1968 omnia
596 1910 765 1968 minabatur.
807 1911 903 1967 Movet
916 1929 963 1967 me
976 1911 1081 1987 quippe
1095 1910 1191 1967 lumen

245 2010 339 2048 curiae.

282 2070 365 2126 XIII.
388 2067 486 2137 Quid?
506 2075 540 2124 tu
559 2086 605 2125 me
628 2067 680 2124 tibi
700 2067 811 2135 iratum,
827 2066 922 2134 Sexte,
944 2073 1036 2143 putas,
1052 2068 1134 2144 cujus
1158 2076 1191 2125 tu

244 2147 460 2205 inimicissimum
474 2149 564 2203 multo
581 2145 722 2203 crudelius
737 2147 821 2202 etiam
840 2146 954 2222 punitus
968 2165 1007 2212 es,
1022 2165 1108 2222 quam
1128 2154 1190 2203 erat

244 2227 425 2283 humanitatis
439 2245 510 2283 meae
523 2225 689 2302 postulare?
730 2225 774 2280 Tu
786 2226 820 2282 P.
837 2224 929 2282 Olodii
942 2232 1088 2282 cruentum
1104 2225 1188 2282 cada·

194 2311 294 2363 atvar
315 2305 420 2382 ejecisti
443 2305 536 2371 domo,
557 2312 589 2361 tu
612 2303 640 2360 iu
664 2303 809 2380 publicum
829 2304 964 2380 abjecisti,
985 2312 1017 2359 tu
1039 2305 1190 2380 spoliatum

244 2382 420 2462 imaginibus,
431 2384 576 2460 exsequiis,
592 2402 706 2459 pompa,
721 2382 890 2449 laudatione,
902 2382 1093 2439 infelicissimis
1107 2382 1189 2459 lignis

244 2464 457 2530 semustilatum,
486 2462 628 2519 nocturnis
666 2461 783 2518 canibus
820 2461 1011 2518 dilaniandum
1044 2461 1187 2537 reliquisti.

187 2562 194 2569 ¹
245 2543 338 2611 Quare
352 2543 404 2599 etsi
424 2541 528 2598 nefarie
547 2540 646 2606 fecisti,
668 2546 772 2607 tamen,
794 2541 925 2616 quoniam
945 2539 972 2595 in
993 2559 1058 2595 meo
1078 2539 1189 2597 inimico

244 2621 440 2678 crudelitatem
455 2619 652 2696 exprompsisti
666 2626 753 2684 tuam,
768 2619 884 2675 laudare
898 2637 954 2674 non
969 2637 1092 2693 possum,
1107 2618 1190 2675 irasci

193 2703 231 2755 30
244 2706 320 2756 certe
347 2717 402 2756 non
429 2698 528 2756 debeo.
584 2703 630 2754 34.
666 2695 883 2774 [Demaratum
907 2698 1022 2771 judices,
1051 2705 1189 2771 quantum

249 2776 339 2836 Clodii
349 2776 432 2855 arar]
443 2777 527 2833 fuerit
541 2776 630 2833 occidi
640 2776 782 2833 Milonem.
818 2776 980 2833 Convertite
994 2777 1100 2832 animos
1114 2795 1188 2833 nuuc

243 2855 362 2913 vicissim
377 2856 413 2912 ad
435 2856 575 2912 Milonem.
618 2855 693 2923 Quid
713 2854 823 2912 Milonis
836 2854 970 2911 intererat
990 2855 1106 2916 interfici
1123 2855 1187 2911 Olo-

244 2935 344 2991 dium‘?
395 2934 469 3002 Quid
494 2941 562 2999 erat,
584 2953 635 2990 cur
658 2934 734 2999 Milo,
749 2953 805 2990 nou
827 2933 919 2989 dicam
941 2933 1111 2999 admitteret,
1136 2933 1188 2990 sed

244 3020 355 3090 optaret
362 3012 560 3069 I—Obstabat
579 3012 608 3068 in
625 3030 676 3089 spe
691 3013 853 3069 consulatus
867 3011 962 3068 Miloni
977 3012 1188 3069 Clodius-At

190 3096 229 3159 βό
244 3111 278 3149 eo
297 3100 474 3169 repugnante
494 3091 596 3156 fiebat;
617 3091 703 3147 immo
716 3109 784 3147 vero
802 3109 836 3147 eo
855 3090 941 3147 fiebat
960 3090 1125 3166 magisnec
1142 3109 1188 3147 me

243 3171 429 3246 suffragatore
443 3169 556 3225 meliore
569 3170 703 3226 utebatur
716 3187 801 3246 quarn
816 3168 923 3225 Clodio.
965 3169 1089 3227 Valebat
1108 3167 1187 3244 apud

243 3268 303 3315 vos,
321 3248 438 3325 judices,
461 3247 571 3304 Milonis
585 3266 654 3323 erga
669 3266 715 3304 me
729 3265 845 3323 remque
860 3246 1004 3324 publicam
1023 3247 1186 3304 meritorum

242 3327 394 3393 memoria;
415 3326 547 3383 valebant
566 3344 664 3402 preces
679 3333 709 3382 et
728 3325 851 3383 lacrimae
873 3333 988 3392 nostrae,
1011 3326 1112 3402 quibus
1133 3343 1188 3402 ego

243 3412 305 3462 tum
319 3425 369 3462 vos
383 3405 496 3462 mirifice
510 3404 615 3461 moveri
636 3404 790 3462 sentiebam
798 3423 805 3470 ;
826 3403 877 3461 sed
892 3403 957 3479 plus
971 3405 1062 3461 multo
1075 3404 1188 3460 valebat

191 3485 231 3540 40
244 3484 431 3561 periculorum
450 3482 672 3559 impendentium
687 3482 779 3539 timor.
821 3481 890 3549 Quis
909 3483 982 3539 enim
1000 3489 1061 3538 erat
1074 3482 1187 3548 civium,

243 3562 291 3638 qui
319 3559 372 3619 sibi
399 3561 520 3618 solutam
540 3561 573 3617 P.
589 3561 680 3617 Olodii
701 3568 856 3637 praeturam
873 3561 931 3617 sine
951 3561 1073 3617 maximo
1093 3579 1189 3616 rerum

152 3664 157 3671 ·
242 3658 378 3698 novarum
390 3647 468 3695 metu
487 3639 678 3715 proponeret?
711 3639 840 3695 Solutum
854 3645 950 3695 autem
969 3638 1029 3695 lore
1039 3638 1185 3705 videbatis,

242 3719 295 3778 uisi
308 3726 382 3775 esset
395 3717 418 3773 is
432 3717 538 3782 consul,
550 3716 598 3792 qui
609 3735 672 3773 eam
685 3717 805 3774 auderet
818 3726 971 3792 possetque
986 3716 1184 3793 constringere.

242 3798 318 3858 Eum
331 3797 465 3854 Milonem
478 3813 567 3852 unum
579 3813 642 3852 esse
658 3813 747 3872 quum
760 3794 876 3853 sentiret
900 3795 1045 3855 universus
1065 3794 1190 3872 populus
