2742 4384
409 306 468 346 eao
483 307 559 347 nasa
572 307 707 357 aarum,
722 309 789 349 cnr.
804 310 887 379 xum,
901 312 968 389 nnn!
1169 303 1207 361 01

803 392 831 407 m
864 394 875 409 ι.
920 370 1067 417 timia-r

207 442 307 494 eontra
320 433 412 493 virum
432 436 543 504 fortem
558 436 596 494 A„
609 437 771 506 Gabinium,
785 432 910 517 gravilu
923 450 1075 520 ornataque
1089 443 1159 503 dixi·

207 515 251 582 sti,
260 535 349 590 quum
363 514 433 572 isde
442 534 500 573 uno
510 516 679 593 imperatore
691 527 787 575 contra
802 520 951 596 praedones
962 523 1160 583 constituendo

208 594 300 672 legem
324 594 544 671 promulgasset,
569 606 599 652 et
623 615 658 653 ex
682 595 736 653 hoc
757 598 819 674 ipso
845 599 907 655 loco
931 602 1071 677 permulta
1091 603 1159 660 item

207 681 305 729 contra
319 672 413 750 legem
427 691 490 729 eam
506 675 591 731 verba
609 675 707 732 fecisti.
750 685 796 735 53.
819 678 917 746 Quid?
939 690 1008 745 tum,
1024 699 1075 757 per
1089 681 1158 739 deos

205 752 396 808 immortales!
426 751 449 808 si
472 752 538 829 plus
557 754 635 829 apud
661 755 799 831 populum
822 756 981 816 Romanum
1006 761 1186 821 auctoritasll

206 839 256 888 tua
270 850 358 907 quam
372 831 460 908 ipsius
475 832 574 909 populi
588 832 707 890 Romani
717 834 793 891 salus
803 830 906 895 ethera
915 856 1001 894 causa
1015 839 1156 907 valuisset,

120 970 125 976 ,
205 910 290 966 hodie
304 911 377 968 hanc
390 910 511 987 gloriam
525 920 610 987 atque
625 912 678 968 hoc
693 914 768 970 orbis
786 926 869 972 terrae
885 916 1156 993 imperium'tenere·
1251 918 1260 941 '¹

204 990 291 1045 mns‘?
333 991 382 1046 An
408 989 458 1046 tibi
480 997 542 1045 tum
565 991 714 1066 imperium
735 1012 797 1049 esse
823 994 876 1051 hoc
892 996 1047 1061 ridebatur,
1068 1018 1157 1073 quum

206 1069 302 1143 populi
318 1068 439 1124 Romani
461 1067 554 1145 legati,
570 1080 726 1145 quaestores
743 1078 941 1149 pratoresque*
948 1076 1153 1151 capiebantur?
1181 1082 1260 1129 aa*
1283 1088 1299 1127 ’.
1333 1084 1335 1093 “
1357 1096 1359 1107 ’

204 1166 292 1222 quum
307 1167 342 1204 er
357 1148 487 1205 omnibus
500 1146 817 1224 provinciis'commeatu
832 1164 860 1208 et
876 1154 984 1229 privato
998 1166 1027 1211 et
1043 1156 1157 1231 publico
1169 1161 1206 1214 10

204 1226 449 1303 prohibebamur?
471 1245 560 1302 quum
581 1228 620 1283 ita
640 1228 735 1286 clausa
756 1232 836 1289 nobis
851 1242 932 1289 erant
952 1233 1040 1291 maria
1053 1235 1155 1302 omnia,

186 1310 236 1361 *ut
249 1325 342 1382 neque
366 1306 507 1383 privatam
519 1325 577 1363 rem
592 1308 806 1365 transmarinam
820 1329 911 1386 neque
933 1312 1075 1387 publicam
1095 1314 1156 1390 jam

83 1384 280 1441 Twarcobire
296 1386 467 1460 possemus?
812 1442 816 1459 ι

242 1460 356 1521 XVIII.
400 1471 447 1523 04.
470 1463 542 1531 Qua
563 1463 661 1521 civitas
682 1475 766 1523 antea
780 1487 904 1544 unquam
929 1464 1069 1535 iuit’non
1090 1470 1155 1529 dico

203 1542 430 1609 Atheniensium,
445 1561 510 1618 quae
524 1542 591 1600 satis
614 1543 672 1601 lete
686 1547 829 1621 quondam
854 1566 930 1605 mare
952 1550 1073 1606 tenuhse
1087 1550 1154 1607 dici·
1168 1555 1204 1611 lt

203 1629 265 1688 tur;
287 1640 344 1678 non
358 1621 646 1700 Karthaginiensium,
663 1624 712 1699 qui
724 1626 897 1700 permultum
916 1628 1005 1685 classe
1025 1650 1058 1685 uc
1073 1630 1154 1687 maii·

203 1701 276 1757 timis
291 1702 377 1757 rebus
391 1702 557 1768 valuerunt;
585 1721 642 1758 non
666 1703 851 1770 Rhodiorum,
866 1726 986 1782 quorum
1007 1707 1154 1783 usquead

203 1790 327 1836 nostram
353 1780 519 1837 memoriam
542 1780 688 1858 disciplina
709 1784 815 1840 navalis
840 1797 868 1841 et
892 1785 981 1861 gloria
1005 1786 1153 1843 remansit:

202 1878 267 1934 quae
283 1859 382 1916 civitas
396 1862 599 1935 unquam'tam
618 1860 796 1937 tenuisque
812 1874 869 1920 tam
886 1884 974 1939 parva
988 1864 1077 1920 insula
1091 1865 1153 1931 suit,

203 1957 266 2013 quae
282 1956 339 1993 non
356 1948 456 2014 portus
470 1956 537 1995 suos
551 1947 580 1995 et
605 1957 691 2016 agros
705 1951 734 1997 et
747 1941 878 2017 'aliquam
902 1952 1012 2019 partem
1035 1942 1154 2019 regionis
1165 1949 1204 2002 20

446 2017 474 2029 '‘
582 2037 598 2072 r
664 2018 670 2030 '
922 2022 935 2076 ‘l

44 2104 77 2165 2,
99 2025 584 2172 mahttt’ttttttht‘
592 2020 943 2175 mahthilt,
965 2021 1154 2178 rh‘pleiirli

203 2174 358 2241 Romanus,
374 2175 456 2251 cujus
476 2174 618 2251 usquead
640 2188 765 2233 nostram
780 2179 941 2235 memoriam
963 2186 1074 2236 nomeu'
1085 2180 1151 2238 invi·

202 2262 280 2311 ctum
305 2254 334 2309 in
358 2254 505 2311 navalibus
527 2254 629 2332 pugnis
653 2264 980 2334 permanserat,”nragna
1003 2277 1037 2315 ac
1062 2259 1153 2317 multo

202 2334 325 2389 maxima
353 2342 434 2409 parte
461 2352 518 2389 non
545 2333 630 2390 modo
655 2334 790 2401 utilitatis,
818 2336 868 2392 sed
897 2336 1042 2413 dignitatis
1066 2345 1201 2414 atque26

99 2422 104 2481 :¹
130 2408 183 2465 aa?
202 2412 311 2488 imperii
326 2412 423 2469 caruit.
447 2421 494 2471 55.
511 2412 580 2478 Noa,
595 2431 716 2488 quorum
731 2415 852 2491 majores
866 2416 1042 2472 Antiochum
1056 2435 1152 2495 regern

100 2490 104 2499 '
202 2490 291 2548 classe
312 2491 476 2567 Persenque
490 2501 667 2567 superarunt,
682 2493 868 2570 omnibusque
883 2495 1028 2553 navalibus
1049 2497 1152 2575 pugnis

205 2569 461 2647 Karthaginienses,
474 2558 637 2628 homines'in
648 2571 794 2628 maritimis
809 2573 893 2630 rebus
906 2575 1152 2632 exercitatissimos

203 2650 459 2725 paratissimosque,
475 2650 609 2717 vicerunt,
624 2649 642 2707 ii
666 2651 744 2707 nullo
759 2650 788 2706 in
809 2651 872 2709 loco
893 2652 953 2730 jam
969 2654 1152 2731 pradonibus

202 2746 284 2804 pares
298 2746 360 2784 esse
385 2738 557 2804 poteramus.
598 2729 668 2796 Nos,
683 2729 733 2806 qui
753 2739 836 2787 antea
850 2749 905 2788 non
926 2732 1011 2788 modo
1034 2734 1148 2789 ltaliam
1162 2738 1201 2791 30

203 2814 293 2863 tutam
308 2806 493 2873 habebamus,
508 2807 558 2864 sed
579 2827 676 2865 omnes
691 2809 781 2866 socios
802 2810 829 2865 in
844 2809 947 2867 ultimis
961 2812 1016 2868 oris
1030 2811 1149 2868 auctori·

202 2893 260 2942 tate
273 2885 363 2942 nostri
377 2886 487 2962 imperii
508 2886 601 2943 salvos
613 2866 758 2963 'praestare
784 2898 954 2964 poteramus,
965 2898 1046 2956 tum,
1062 2908 1150 2965 quum

202 2964 291 3021 insula
305 2965 394 3020 Delos
414 2972 475 3020 tam
489 2965 589 3042 procul
602 2984 618 3021 a
633 2966 716 3023 nobis
732 2966 759 3022 in
773 2968 877 3044 AEgaeo
891 2968 960 3023 mari
975 2967 1077 3044 posita,
1092 2986 1150 3044 quo

201 3062 299 3099 omnes
313 3043 437 3118 undique
451 3062 517 3100 cnm
532 3044 672 3119 mercibus
693 3054 778 3120 atque
798 3046 929 3103 oneribus
944 3047 1149 3112 commeabant,

186 3114 309 3179 ‘referta
317 3122 429 3187 divitiis,
445 3141 542 3198 parva,
558 3123 616 3180 sine
640 3125 814 3181 murenibil
838 3125 1072 3191 timebat,*iidem
1094 3143 1149 3181 non
1161 3135 1199 3189 35

201 3201 288 3275 modo
312 3201 463 3278 provinciis
484 3211 570 3278 atque
588 3203 643 3259 oris
667 3202 760 3260 Italiae
786 3203 931 3260 maritimis
953 3223 986 3260 ac
1010 3204 1150 3279 portubus

201 3279 311 3346 nustria,
327 3280 476 3338 sedetiam
492 3280 590 3358 Appia
601 3282 661 3357 jam
675 3281 721 3337 via
735 3282 915 3339 carebamus:
938 3291 967 3337 et
983 3281 1025 3337 his
1040 3290 1149 3357 tempo·

201 3358 277 3415 ribus
304 3379 360 3416 non
388 3359 518 3437 pudebat
545 3360 729 3437 magistratus
753 3360 851 3437 popuh
879 3360 999 3416 Romani
1022 3359 1050 3416 in
1075 3361 1150 3416 hunc

201 3436 294 3514 ipsum
315 3439 410 3495 locum
424 3438 594 3504 ascendere,
616 3458 704 3515 quum
725 3458 789 3496 eum
814 3440 895 3496 nobis
919 3439 1040 3515 majores
1063 3436 1151 3494 nostri

12 3552 14 3555 ψ
77 3525 120 3595 ta
129 3516 306 3579 mdexuviis
321 3517 485 3589 nauticis,et
499 3517 631 3574 classium
644 3518 740 3595 spoliis
744 3526 886 3591 poruatum
900 3517 1089 3591 reliquissent!
1161 3524 1200 3577 40

12 3570 14 3687 l
132 3594 318 3671 QXIX.
362 3596 512 3655 aerisono
532 3603 562 3653 te
576 3596 676 3663 animo,
692 3597 726 3664 Q,
742 3596 884 3662 Hortensi,
901 3594 1024 3671 populus
1045 3596 1168 3652 Roma·

202 3692 252 3730 nus
265 3685 295 3731 et
316 3685 435 3741 ceteros,
450 3674 499 3751 qui
520 3683 600 3731 erant
620 3675 648 3731 in
668 3674 767 3732 eadem
783 3674 928 3739 sententia,
944 3673 1037 3729 dicere
1058 3673 1150 3729 existi·

201 3754 286 3811 mavit
308 3774 351 3821 ea,
367 3774 434 3830 quae
458 3753 637 3813 sentiebatis:
658 3753 709 3810 sed
735 3752 877 3809 tamen‘in
897 3752 989 3808 salute
1010 3750 1161 3821 communi

200 3830 274 3891 idem
297 3833 425 3912 populns
446 3831 696 3889 Romanus‘dolori
709 3852 761 3889 suo
775 3829 874 3888 maluit
892 3824 984 3906 quana
991 3827 1152 3886 auctoritati

636 4056 732 4087 ..14

668 4084 803 4127 u'tuirl
