2742 4384
1101 138 1105 147 Δ
1198 132 1240 177 Q,

399 234 487 370 {rao
501 287 576 327 aron
589 284 723 337 uinum,
739 286 806 329 oar.
821 246 896 367 nu}
1134 277 1177 333 η

171 416 201 476 in
215 416 337 497 agendo,
352 416 482 476 celeritas
495 417 524 474 in
539 416 719 484 conficiendo,
735 417 881 475 consilium
895 417 922 475 in
936 418 1125 495 procidendo:

151 504 238 574 bquae
262 505 342 555 tanta
366 505 434 554 sunt
458 498 487 554 in
510 497 565 554 hoc
589 515 654 563 uno,
679 506 786 573 quante
810 497 837 553 iu
858 498 988 556 omnibus
1011 498 1125 575 reliquis

171 576 398 654 imperatoribus,
408 595 481 652 quos
495 583 546 632 aut
553 575 673 633 vidimus
687 584 738 632 aut
751 574 918 643 audirimus,
931 596 986 634 uon
1000 577 1122 637 fuerunt

154 638 264 713 x'lestis
289 664 333 713 est
360 655 452 721 Italia,
478 673 563 730 quem
587 654 633 712 ille
657 655 718 731 ipso
741 654 838 721 victor,
863 654 895 712 L.
920 650 1008 723 Sulla,
1037 656 1123 734 hujus

171 735 277 792 virtute
291 740 320 791 et
340 733 468 791 subsidio
482 734 626 791 coufessus
640 741 685 790 est
705 732 861 790 liberatam.
903 741 949 792 30.
972 735 1064 793 Testis
1077 740 1151 794 estb

171 813 275 879 Sicilia,
291 833 377 890 quam
398 812 496 870 multis
514 812 639 889 undique
653 812 774 870 cinctam
795 800 998 889 periculisfuon
1015 823 1122 873 terrore

171 893 248 959 belli,
269 893 321 949 sed
345 892 451 949 consilii
472 891 614 949 celeritate
634 891 793 968 explicavit.
835 891 925 949 Testis
945 904 990 950 est
1012 892 1124 961 Ainea>

170 991 236 1048 quae
259 971 369 1048 magnis
391 988 530 1047 oppressa
553 970 676 1028 hostium
699 970 788 1046 copiis
801 988 897 1027 eorum
911 971 1036 1049 ipsorum
1056 992 1120 1045 san7

169 1051 256 1128 guine
275 1050 453 1107 redundavit.
495 1049 585 1107 Testis
605 1059 649 1106 est
670 1049 771 1116 Gallia,
791 1067 842 1126 per
855 1069 941 1126 quem
963 1051 1120 1129 legionibus

168 1131 273 1187 nostris
286 1129 315 1185 in
330 1129 496 1205 Hispaniam
509 1129 564 1185 iter
577 1128 726 1185 Gallorum
745 1128 931 1186 internecione
947 1130 1119 1207 patefactum
1131 1134 1168 1188 10

169 1216 221 1266 est.
264 1209 354 1265 Testis
375 1216 419 1265 est
440 1207 585 1283 Hispania,
606 1225 672 1284 quar
693 1207 847 1284 saepissime
867 1207 1002 1284 plurimos
1022 1209 1120 1268 hostes

168 1289 206 1345 ab
221 1289 275 1345 hoc
290 1295 439 1363 superatos
453 1294 667 1363 prostratosque
675 1286 829 1363 conspexit
858 1286 949 1343 Testis
959 1296 1003 1345 est
1016 1288 1125 1359 iterum,
1161 1326 1164 1345 1

168 1373 198 1422 ct
211 1367 316 1443 saepius
330 1366 421 1431 Italia,
431 1383 506 1441 quae,
516 1383 604 1440 quum
617 1365 709 1422 servili
724 1365 798 1423 bello
813 1372 886 1422 tetro
901 1366 1117 1445 periculosoque

167 1454 353 1522 premeretur,
363 1445 399 1502 ab
413 1446 469 1501 hoc
479 1443 613 1501 auxilium
625 1444 743 1501 absente
753 1443 900 1520 expetivit:
921 1445 997 1522 quod
1012 1446 1118 1504 bellum

166 1525 379 1600 exspectatione
387 1524 451 1600 ejus
460 1529 636 1580 attenuatum
647 1532 733 1599 atque
742 1522 919 1580 imminutum
930 1534 982 1590 est,
993 1525 1118 1583 adventu
1129 1528 1167 1584 lt

166 1604 314 1660 sublatum
332 1622 367 1659 ac
387 1602 543 1678 sepultum.
584 1608 630 1659 31.
651 1602 751 1660 Testes
770 1620 845 1658 nunc
859 1622 925 1660 vero
945 1603 1005 1680 jam
1019 1623 1118 1662 omnes

167 1699 225 1739 orae
239 1691 325 1759 atque
339 1700 440 1739 omnes
460 1687 685 1758 exteraeagenres
699 1700 732 1738 uc
746 1678 1015 1758 nationes,'‘deuique
1029 1683 1117 1741 muria

166 1761 267 1828 omnia,
279 1780 368 1837 quum
378 1760 519 1826 universa,
527 1759 626 1816 tumin
640 1759 757 1838 singulis
766 1758 821 1817 oris
834 1777 932 1818 omnes
945 1760 1021 1817 sinus
1031 1770 1117 1839 atque

166 1848 274 1915 portus.
317 1839 387 1908 Quis
401 1838 558 1895 enimtoto
571 1839 642 1895 mari
660 1839 740 1896 locus
792 1838 877 1896 rhos
890 1858 978 1895 annos
991 1847 1042 1896 aut
1058 1848 1117 1896 tam

165 1919 280 1976 firmum
299 1918 401 1975 habuit
424 1916 599 1994 praesidium,
620 1924 653 1975 ut
676 1926 722 1975 tut
776 1917 872 1976 esset?
892 1926 957 1974 ‘eut
980 1926 1040 1974 tam
1063 1917 1165 1977 furto

21 1984 25 1999 ’
165 1997 288 2073 abditus,
303 2005 337 2054 ut
350 1997 475 2054 lateret?
501 1996 586 2064 *Quis
605 1997 756 2075 navigavit,
772 1997 820 2073 qui
839 2014 894 2054 nou
909 2015 940 2053 se
954 2008 1004 2053 εει
1019 1996 1116 2054 mortis

62 2086 66 2092 '
164 2085 215 2133 aut
229 2076 373 2134 servitutis
397 2075 524 2153 periculo
546 2075 741 2141 committeret,
764 2095 852 2153 quum
876 2084 928 2133 aut
951 2075 1041 2134 hieme
1065 2086 1116 2134 aut

163 2156 270 2213 referto
283 2154 455 2233 praedonum
477 2154 548 2211 mari
570 2154 737 2232 navigaret?
779 2155 843 2213 Hoc
867 2163 978 2212 tautum
1000 2155 1114 2221 bellum,

163 2241 224 2291 tam
245 2230 413 2311 turpatam
426 2238 598 2301 vetustam
620 2234 678 2291 late
700 2233 821 2290 divisum
840 2243 926 2310 atque
946 2233 1114 2311 dispersum,

163 2314 227 2388 quis
255 2332 382 2389 unquam
405 2313 590 2370 arbitraretur
612 2318 663 2369 εει
686 2314 723 2370 ab
747 2312 877 2370 omuibus
900 2312 1115 2390 imperatoribus
1124 2319 1161 2374 25

163 2410 221 2450 uno
246 2411 328 2457 anno,
354 2401 404 2448 aut
427 2390 557 2448 omnibus
578 2391 658 2448 annis
685 2392 723 2448 ab
746 2410 802 2449 uno
824 2392 992 2469 imperatore
1016 2392 1114 2451 confici

163 2472 272 2548 posse?
315 2478 362 2528 32.
384 2471 477 2539 Quam
492 2469 662 2546 provinciam
676 2471 806 2528 tenuistis
820 2490 838 2527 a
852 2469 1032 2547 praedonibus
1046 2472 1112 2530 libe·

162 2568 224 2607 ram
250 2569 303 2627 per
325 2550 412 2606 hosce
434 2549 651 2626 annos‘quuod
673 2550 795 2627 vectigal
820 2549 899 2607 vobis
922 2557 1016 2607 tutum
1036 2552 1112 2609 suit?

163 2648 250 2705 quem
277 2628 385 2686 socium
412 2627 674 2686 defendistisitcui
698 2628 829 2704 praesidio
853 2629 989 2687 classibus
1013 2631 1113 2687 vestris

80 2760 83 2764 ,
162 2708 279 2765 fuistis?
314 2725 399 2784 quam
422 2706 717 2771 multasexistimatis
744 2707 848 2765 insulas
872 2726 934 2765 esse
961 2707 1161 2768 desertas‘ldt)

162 2806 250 2863 quam
272 2788 379 2843 multas
398 2796 449 2844 εει
472 2796 551 2843 metu
573 2786 685 2846 relictas
706 2795 757 2843 εει
777 2805 794 2843 a
813 2785 995 2865 praedonibus
1015 2796 1113 2864 captas

162 2868 247 2925 urbes
261 2885 325 2924 esse
338 2865 501 2923 sociorum?

200 2946 268 3003 XII.
292 2944 351 3002 Sed
371 2944 440 3021 quid
465 2922 697 3024 egoilongtnqua
717 2945 929 3002 commemoro‘.l
970 2944 1037 3002 Fuit
1057 2945 1112 3003 hoc

161 3024 316 3102 quondam,
330 3023 552 3100 improprium
568 3024 667 3100 populi
680 3024 808 3091 Romani,
825 3025 908 3102 longe
922 3042 940 3079 a
953 3023 1038 3080 domo
1052 3024 1111 3081 bel-

161 3104 219 3162 lare
239 3102 516 3180 et‘propugnaculis
537 3102 646 3179 imperii
666 3102 806 3160 sociorum
826 3103 963 3168 fortunas,
984 3122 1040 3159 nou
1060 3110 1159 3164 suadit

162 3190 239 3241 tecta
262 3181 425 3241 defendere.
445 3174 557 3238 ⁴Sociis
581 3200 636 3260 ego
659 3180 761 3238 nostris
781 3200 858 3238 mare
879 3201 931 3258 per
951 3181 1003 3239 hos
1023 3200 1111 3238 annos

161 3262 290 3320 clausum
314 3261 401 3318 fuisse
424 3259 526 3325 dicam,
550 3279 639 3336 quum
659 3260 799 3317 exercitus
818 3260 905 3317 nostri
929 3279 1072 3336 nunquam
1094 3279 1127 3315 a·

162 3339 379 3398 Brundisio'nisi
393 3339 486 3396 hieme
496 3357 607 3396 summa
621 3339 848 3396 transmiserint?
890 3339 945 3407 Qui
958 3339 995 3396 ad
1009 3358 1059 3395 vos
1073 3339 1111 3397 ab

161 3421 263 3476 exteris
291 3419 454 3476 nationibus
482 3416 616 3485 venirent,
644 3426 746 3494 captos
773 3437 882 3494 querar,
900 3427 998 3494 rquum
1024 3417 1111 3495 legati

160 3499 258 3576 populi
279 3497 403 3554 Romani
423 3495 564 3573 redempti
583 3496 660 3553 sint?
702 3497 907 3554 Mercatoribus
925 3504 1020 3554 tutum
1033 3504 1176 3560 mareto'

160 3596 215 3634 uon
237 3578 326 3634 fuisse
350 3576 452 3639 dicam,
473 3593 563 3650 quum
572 3574 737 3633 *duodecim
758 3594 870 3633 secures
888 3575 916 3631 in
940 3574 1110 3652 praedonum

160 3664 334 3732 potestatem
362 3654 566 3732 pervenerint?
616 3661 662 3711 33.
696 3653 818 3711 Cnidum
841 3661 892 3710 εει
916 3653 1111 3730 Colophonem

160 3743 209 3791 aut
227 3735 357 3802 Samum,
372 3732 559 3791 nobilissimas
578 3733 673 3799 urbes,
687 3730 958 3807 innumerabilesque
977 3732 1046 3788 alias
1065 3749 1111 3787 ca·

158 3820 224 3892 pus
247 3832 312 3873 esse
334 3829 565 3881 commemorem,
588 3829 677 3888 quum
696 3818 806 3869 vestros
825 3816 1043 3887 portusffatque
1062 3826 1112 3866 eos

455 3954 546 4031 ³'rss
612 3946 697 4029 dl
