2742 4384
224 260 262 317 96
451 273 559 314 onemo
574 274 631 313 PRO
646 274 724 313 REGE
737 273 894 322 DEIOTARO,
909 273 975 314 ΟΑΡ.
989 275 1039 314 XV.

271 402 387 479 quidem
401 422 516 461 causam
530 421 643 460 omnem
657 403 775 480 suscipit
795 410 824 460 et
842 402 1004 461 criminibus
1016 404 1070 462 illis
1083 422 1136 481 pro
1149 422 1218 481 rege

271 499 302 538 se
325 482 461 558 supponit
484 501 580 548 reum;
611 482 809 540 memoriamt
797 489 876 539 tuam
896 483 1038 558 implorat,
1062 502 1120 560 qua
1139 483 1217 540 vales

270 560 441 636 plurimum;
469 568 557 638 negat
577 580 703 636 unquam
724 580 755 618 se
775 580 792 616 a
814 568 843 618 te
863 561 892 617 in
916 562 1042 618 Deiotari
1065 561 1216 619 tetrarchia

271 638 375 715 pedem
396 640 572 707 discessisse;
593 640 621 696 in
642 640 739 717 primis
759 639 861 697 finibus
881 639 933 697 tibi
952 658 983 697 se
1003 647 1111 716 praesto
1130 640 1216 697 fuisse

240 716 346 785 odicit,
360 718 498 795 usquead
512 684 626 775 ultiinos
640 725 840 795 prosecutum;
861 736 976 795 quume
990 718 1091 776 balneo
1102 719 1215 786 exisses,

269 803 365 854 tecum
388 815 419 854 se
443 797 537 863 fuisse,
560 816 649 873 quum
671 797 721 853 iila
743 814 861 854 munera
884 797 1052 874 inspexisses
1076 803 1214 864 coenatus,

268 893 357 951 quum
371 876 399 933 in
413 876 542 933 cubiculo
556 875 750 942 recubuisses;
771 876 947 952 eandemque
957 876 1151 933 assiduitatem
1165 841 1217 934 tibi

268 972 299 1010 se
320 954 477 1031 praebuisse
500 954 643 1089 postridie.
685 958 732 1012 43.
755 954 989 1022 Quamobrem
968 955 1083 1046 siquid
1107 972 1215 1022 eorum,

268 1050 333 1108 quae
349 1034 462 1110 objecta
475 1039 541 1089 sunt
542 1033 723 1123 ,cogitatum
737 1033 781 1100 sit,
796 1053 853 1091 non
866 1040 987 1100 recusat,
1002 1034 1070 1109 quin
1087 1033 1117 1090 id
1131 1052 1217 1091 suum

220 1112 258 1165 10
268 1109 376 1168 facinus
401 1112 545 1189 judices.
576 1110 723 1180 Quocirca,
753 1112 785 1169 Ο.
815 1113 922 1179 Caesar,
951 1112 1035 1169 velim
1062 1111 1215 1180 existimes,

267 1188 404 1248 hodierno
427 1190 473 1247 die
493 1190 661 1247 sententiam
684 1197 765 1247 tuam
780 1196 831 1247 aut
854 1210 920 1248 cum
941 1209 1052 1247 summo
1073 1156 1215 1248 dedecore

267 1268 452 1325 miserrimam
466 1276 577 1344 pestem
590 1268 807 1344 importaturam
821 1287 884 1326 esse
897 1266 1021 1347 regibus,
1036 1276 1087 1326 ant
1106 1270 1215 1327 incolu-

267 1364 343 1402 mem
366 1346 472 1403 famam
492 1366 558 1403 cum
578 1348 678 1413 salute,
694 1367 816 1423 quorum
839 1348 960 1405 alterum
983 1354 1082 1424 optare
1101 1348 1218 1407 illorum

265 1424 440 1482 crudelitatis
454 1431 506 1492 est,
522 1425 643 1482 alterum
658 1445 824 1484 conservare
837 1426 994 1484 elementiae
1008 1432 1077 1485 tuae
