2742 4384
393 279 452 319 rao
467 280 491 318 r.
506 279 602 320 auaro
617 280 737 329 maora,
753 280 820 321 oar.
836 281 896 321 xiv.
1112 264 1167 326 nt

153 410 319 474 Romanus,
331 408 394 484 quis
408 407 554 467 dubitaret
563 409 699 486 suffrsgIc
709 429 762 467 suo
775 428 806 467 se
817 420 904 477 metu,
917 409 1042 488 periculo
1055 430 1115 471 rem

155 490 306 566 publicam
327 487 470 545 liberare?
512 488 556 545 At
569 506 651 554 nunc,
668 488 769 546 Clodio
789 502 906 555 remoto,
922 489 1031 547 usitatis
1052 491 1114 567 jam

154 568 244 625 rebus
267 565 435 624 enitendum
456 574 501 623 est
521 566 627 632 Miloni,
648 575 681 623 ut
701 575 816 624 tueatur
835 568 1001 645 dignitatem
1015 588 1112 636 suam;

154 646 310 723 singularis
334 645 383 701 illa
406 652 448 701 et·
463 645 529 702 huic
551 645 600 701 uni
620 663 754 702 concessa
776 646 873 735 gloria,
897 666 962 722 quta
987 648 1112 723 quotidie

155 726 321 802 augebatur
333 722 497 800 frangendis
510 722 652 780 furoribus
666 723 818 790 Clodianis,
835 724 895 801 jam
916 725 1007 783 Clodii
1021 736 1143 788 mortet

155 803 268 860 cecidit.
312 802 375 858 Vos
389 801 486 878 adepti
511 801 638 867 estisne
657 802 845 878 quemcivem
865 805 1044 871 metueretis;
1066 805 1110 863 hic

154 880 389 939 exercitationem
413 880 533 946 virtutis,
555 880 784 958 suffragationem
808 881 980 947 consulatus,
1002 883 1108 941 sontem

154 977 312 1036 perennem
329 958 428 1094 gloriae
447 977 508 1015 suae
522 957 653 1035 perdidit
695 958 797 1035 ltaque
811 959 920 1017 Milonis
934 962 1107 1029 consulatus,

154 1038 212 1114 qui,
236 1038 304 1095 vivo
354 1036 438 1103 lodio,
455 1036 618 1095 labefactari
640 1055 697 1094 nou
716 1046 835 1113 poterat,
857 1049 969 1096 mortuo
987 1040 1108 1117 denique

153 1117 261 1174 tentari
282 1132 396 1193 coeptus
418 1124 471 1173 est.
513 1115 580 1171 Non
603 1115 690 1173 modo
712 1115 798 1193 igitur
815 1116 883 1175 nihil
906 1117 1030 1193 prodest,
1056 1119 1107 1177 sed
1124 1127 1160 1181 10

155 1196 241 1253 obest
254 1195 342 1253 etiam
357 1194 537 1251 Clodiimors
551 1192 654 1251 Miloni.
696 1200 742 1251 35.
764 1196 807 1252 At
820 1195 909 1252 valuit
921 1195 1027 1262 odium,
1041 1197 1107 1255 lecit

154 1275 254 1341 iratus,
269 1273 338 1331 fecit
353 1272 488 1338 inimicus,
502 1271 558 1329 fuit
578 1271 653 1329 ultor
666 1271 784 1349 injurie,
799 1274 913 1350 punitor
930 1274 1034 1333 doloris
1054 1276 1106 1335 sui

156 1354 256 1422 Quid?
278 1351 302 1409 si
315 1353 388 1418 haeo,
409 1368 466 1408 non
480 1350 553 1416 dico,
568 1350 676 1427 majora
688 1351 803 1408 luerunt
822 1352 850 1409 in
865 1352 965 1410 Clodio
978 1372 1065 1430 quam
1079 1355 1108 1413 in

155 1432 271 1497 Milone,
286 1430 338 1487 sed
358 1430 387 1487 iu
400 1430 447 1486 illo
460 1429 592 1496 maxima,
607 1428 685 1486 nulla
705 1429 733 1486 in
754 1430 831 1487 hoc?
853 1431 921 1508 quid
942 1432 1026 1489 vultis
1047 1452 1106 1491 am·

156 1511 256 1588 plius?
297 1509 373 1577 Quid
394 1508 468 1566 enim
482 1508 589 1565 odisset
609 1507 741 1565 Clodium
756 1507 832 1575 Milo,
846 1520 974 1587 segetem
992 1530 1026 1569 ac
1047 1530 1105 1569 ma·
1122 1520 1157 1575 lt

156 1590 257 1646 teriam
280 1607 341 1645 suae
366 1587 471 1665 glorie,
497 1594 601 1662 preter
619 1586 674 1643 hoc
699 1586 778 1643 civile
802 1587 908 1653 odium,
931 1608 989 1665 quo
1009 1610 1106 1649 omnes

156 1667 302 1743 improbos
322 1666 458 1724 odimus?
501 1665 561 1731 Ille,
584 1673 653 1731 erat,
674 1674 708 1722 ut
731 1666 844 1731 odisset,
866 1668 987 1744 primum
1008 1669 1106 1727 salutis

156 1764 229 1803 meae
249 1746 436 1812 defensorem,
452 1743 554 1802 deinde
567 1752 728 1802 vexatorem
748 1744 857 1809 furoris,
873 1746 1040 1804 domitorem
1062 1767 1105 1804 ar·

156 1843 268 1881 morum
282 1842 409 1890 suorum,
424 1831 570 1900 postremo
583 1823 667 1880 etiam
680 1832 875 1880 accusatorem
895 1842 987 1882 suum.
1029 1824 1106 1883 Reus

157 1904 232 1960 euim
254 1903 365 1961 Milonis
388 1902 454 1980 lege
468 1901 562 1958 Plotia
582 1902 637 1959 luit
655 1901 781 1966 Clodius,
806 1900 901 1977 quoad
925 1901 1001 1959 risit.
1042 1902 1106 1971 Quo
1120 1911 1157 1964 10

156 1981 273 2039 tandem
281 1983 374 2039 animo
387 1981 444 2038 hoc
454 1986 604 2057 tyrannum
615 1980 694 2037 illum
704 1980 802 2038 tulisse
812 1979 948 2037 creditis?
969 1989 1105 2057 quantum

155 2060 253 2194 pdium
283 2061 357 2118 illius
388 2066 417 2117 et
442 2060 472 2117 in
498 2059 610 2117 homine
635 2058 741 2134 injusto
768 2059 965 2136 quametiam
995 2059 1104 2136 justum

167 2140 264 2196 uisse?

194 2218 278 2276 XIV.
328 2223 376 2275 36.
404 2216 557 2294 Reliquum
577 2224 628 2284 est,
653 2223 687 2273 ut
708 2216 768 2293 jam
790 2217 869 2275 illum
892 2226 993 2275 natura
1016 2218 1104 2296 ipsius

157 2296 389 2372 consuetudoque
403 2295 547 2361 defendat,
558 2297 634 2353 hunc
648 2303 743 2351 autem
753 2296 816 2353 haec
827 2296 926 2353 eadem
938 2304 1102 2374 coarguant.
1118 2305 1155 2359 25

156 2374 234 2431 Nihil
243 2393 296 2450 per
309 2374 365 2432 vim
379 2392 505 2452 unquam
519 2374 644 2441 Clodius,
659 2373 753 2430 omnia
766 2374 882 2450 pervim
897 2375 972 2432 Milo.
1005 2374 1103 2443 Quid?

157 2471 220 2531 ego,
233 2453 352 2530 judices,
363 2473 459 2530 quum,
468 2454 651 2510 maerentibus
662 2452 750 2518 vobis,
762 2454 832 2510 urbe
843 2453 921 2519 cessi,
931 2453 1104 2530 judiciumne

156 2532 258 2589 timui?
281 2550 337 2588 non
350 2550 455 2598 servos,
470 2550 526 2589 uon
539 2549 626 2597 arma,
640 2549 697 2586 non
711 2531 791 2588 vim?
826 2531 896 2599 Qua
910 2532 1008 2589 fuisset
1019 2531 1104 2610 igitur

155 2610 234 2686 justa
258 2629 345 2667 causa
367 2609 532 2667 restituendi
556 2610 618 2676 mei,
642 2609 694 2666 nisi
714 2609 813 2667 fuisset
835 2609 939 2686 injusta
953 2610 1101 2687 ejiciendi?

158 2687 240 2745 Diem
253 2689 331 2755 milri,
346 2689 439 2754 credo,
456 2688 573 2754 dixerat,
588 2688 706 2745 multam
726 2688 872 2764 irrogarat,
887 2689 1025 2745 actionem
1040 2708 1101 2766 per·
1116 2697 1156 2750 30

158 2767 304 2825 duellionis
317 2767 482 2832 intenderat,
498 2774 527 2823 et
540 2767 608 2823 milii
622 2766 751 2823 videlicet
765 2767 792 2822 in
803 2785 889 2824 causa
902 2775 953 2823 aut
966 2767 1039 2824 mala
1053 2779 1103 2825 aut

156 2864 227 2913 mea,
249 2866 306 2903 non
326 2855 356 2903 et
377 2845 589 2922 praeclarissima
610 2852 639 2903 et
662 2853 764 2911 vestra,
783 2845 923 2921 judicium
946 2845 1102 2904 timendum

157 2923 217 2981 fuit.
260 2926 412 2983 Servorum
426 2931 455 2981 et
469 2924 612 3002 egentium
627 2923 728 2980 civium
742 2931 773 2980 et
785 2923 1005 2980 facinorosorum
1018 2923 1103 2981 armis

156 3021 235 3060 meos
260 3003 343 3070 cives,
367 3002 438 3059 meis
462 3002 580 3059 consiliis
604 3002 791 3079 periculisque
817 3012 952 3067 servatos,
978 3020 1030 3078 pro
1056 3021 1102 3059 me

157 3082 239 3158 objici
257 3083 341 3138 nolui.
384 3083 443 3139 at.
453 3080 521 3138 Vidi
541 3081 622 3146 enim,
643 3080 707 3146 vidi,
724 3081 798 3137 hunc
818 3080 913 3156 ipsum
932 3081 965 3148 Q.
981 3080 1101 3137 Horten·
1116 3093 1153 3145 35

157 3159 237 3228 sium,
252 3160 349 3217 lumen
362 3167 392 3217 et
409 3168 605 3217 ornamentum
623 3160 661 3216 rei
677 3159 805 3235 publice,
822 3177 901 3234 paene
915 3159 1031 3215 interfici
1045 3178 1101 3215 ser-

156 3256 255 3295 vorum
269 3257 363 3305 manu,
376 3257 463 3315 quum
473 3238 541 3294 mihi
554 3237 668 3294 adesset
676 3256 683 3303 ;
705 3255 762 3313 qua
775 3235 803 3293 in
817 3238 900 3293 turba
915 3236 948 3293 Ο.
958 3237 1101 3303 Vibienus,

157 3326 277 3383 senator,
303 3317 345 3374 vir
367 3316 500 3391 optimus,
525 3334 590 3373 cum
614 3317 668 3373 hoc
692 3333 780 3392 quum
805 3322 880 3371 esset
906 3333 970 3381 una,
995 3314 1035 3371 ita
1059 3324 1103 3372 est

155 3396 307 3461 mulcatus,
326 3402 360 3452 ut
374 3394 461 3451 vitam
481 3393 612 3452 amiserit.
654 3395 756 3469 Itaque
769 3393 884 3469 quando
907 3393 981 3450 illius
1002 3402 1103 3469 postea

156 3474 213 3529 sica
226 3474 283 3539 illa,
303 3491 389 3548 quam
403 3490 420 3528 a
435 3472 554 3529 Catilina
572 3482 731 3548 acceperat,
751 3471 934 3547 conquievit?
975 3472 1048 3529 Haec
1062 3472 1101 3528 in·
1116 3481 1154 3533 40

155 3558 265 3608 tentata
289 3551 369 3608 nobis
388 3557 448 3617 est;
476 3550 541 3608 huic
564 3569 618 3627 ego
636 3570 687 3607 vos
711 3550 795 3626 objici
819 3568 871 3626 pro
895 3567 940 3605 me
964 3568 1019 3606 non
1039 3569 1103 3605 sum

155 3648 276 3706 passus3
296 3631 362 3686 haec
385 3629 513 3685 insidiata
533 3628 669 3704 Pompeio
688 3638 750 3695 est;
781 3629 843 3683 haec
862 3627 944 3684 istam
965 3628 1101 3703 Appiam,

154 3714 372 3764 monumentum
395 3707 438 3764 sui
462 3706 592 3772 nominis,
612 3726 681 3764 nece
706 3706 811 3783 Papirii
833 3706 1005 3771 cruentavit;
1030 3706 1101 3771 haec,

154 3785 217 3844 haeo
239 3786 342 3843 eadem
364 3785 449 3862 longo
472 3784 619 3842 intervallo
643 3802 778 3842 conversa
800 3802 898 3841 rursus
921 3790 965 3840 est
988 3783 1017 3839 in
1039 3799 1103 3850 me;
