2742 4384
481 263 515 303 IN
535 262 702 312 ΟΔΤῙΠΜΙ,
723 262 791 303 off.
812 264 839 304 Χ.
1141 254 1179 312 45

170 414 258 465 aum,
270 394 302 454 re
316 378 438 472 quom
452 392 524 451 evus
537 410 622 450 aaa
641 392 778 450 hodierno
797 391 977 469 caprimum
993 393 1131 461 aremus,

179 494 268 531 unum
289 481 375 550 etque
395 472 473 530 idem
487 473 660 529 sentientem.
703 471 844 549 Cogitate,
859 473 970 548 quantis
988 473 1131 530 laboribus

178 553 331 609 fundatum
356 552 514 627 imperium,
539 558 645 627 quanta
663 550 767 607 virtute
787 550 940 607 stabilitam
962 552 1130 619 libertatem,

179 639 287 708 quanta
299 631 420 688 deornm
442 618 727 708 magmureiuetas
741 640 982 706 exaggeratasque
1003 630 1131 687 fortunas

178 728 237 766 una
254 729 312 800 nox
336 727 418 786 paene
439 708 547 799 delerit:
589 708 625 797 ld
644 726 680 764 ne
694 726 819 798 unquam
839 708 958 800 posthac
975 728 1030 766 nou
1045 709 1158 799 modot

179 786 685 956 telgetlrlttttlslllt?
693 796 839 932 ιὲέῗὲοῗ,
854 788 972 931 litt:
993 787 1130 943 ltili·

179 946 276 1003 studio
299 963 381 1021 paene
404 944 586 1022 praecurritis,
611 943 771 1010 excitarem,
794 945 904 1003 locutus
924 964 997 1011 sum,
1022 945 1071 1002 sed
1098 954 1130 1009 ut

177 1043 243 1081 mea
266 1044 332 1092 vox,
355 1042 421 1100 qnae
447 1022 534 1080 debet
547 1026 619 1080 'esse
641 1022 670 1079 in
694 1023 859 1100 republica
880 1024 1018 1102 princeps,
1039 1025 1130 1082 officio

178 1103 278 1160 functa
292 1102 431 1160 consulari
444 1102 611 1171 videretur.)
1140 1110 1178 1164 10

119 1206 123 1213 ¹
198 1183 252 1239 =X.
298 1187 344 1239 20.
365 1180 450 1238 Nunc
470 1188 634 1271 antequam,⁸
646 1177 761 1258 [Patres
775 1180 947 1260 conscripti],
968 1181 1004 1239 ad
1017 1191 1128 1239 senten-

178 1260 247 1317 tiam
266 1260 363 1326 redeo,
377 1260 475 1316 deme
495 1277 587 1335 pauca
606 1258 708 1316 dream.
749 1259 821 1337 Ego,
842 1272 949 1337 quanta
971 1278 1071 1317 manus
1085 1270 1130 1319 est

178 1341 401 1416 conjuratorum,
426 1356 512 1414 qnam
534 1337 634 1397 videtis
657 1356 719 1395 esse
739 1342 1062 1416 permagnam'tantam
1084 1358 1129 1397 me
1187 1336 1190 1347 '

177 1418 353 1476 inimicorum
376 1416 585 1473 multitudinem
608 1417 766 1493 suscepisse
790 1410 891 1483 video)
905 1412 955 1475 sed
980 1438 1043 1476 eam
1066 1438 1128 1475 esse

177 1504 292 1575 turpem
314 1495 422 1573 judico,
443 1496 581 1552 infirmam
601 1503 632 1552 et
650 1496 801 1573 abjectam.
843 1497 925 1565 Quod
940 1498 963 1555 si
978 1498 1128 1575 ahquando
1140 1502 1176 1556 lo

178 1576 297 1652 alicujus
311 1576 407 1632 furore
421 1580 452 1630 et
470 1574 575 1631 scelere
589 1574 729 1632 concitata
743 1594 842 1633 manus
855 1576 909 1633 ista
926 1576 994 1654 plus
1009 1577 1129 1634 vuluerit

177 1673 263 1730 quam
284 1660 379 1711 vestra
401 1671 434 1709 ao
456 1653 497 1710 rei
521 1652 641 1728 publicae
664 1653 796 1731 dignitas,
817 1673 863 1711 me
887 1664 980 1712 tamen
1000 1674 1128 1713 meorum

176 1732 318 1790 factorum
345 1739 431 1807 etque
459 1731 637 1788 consiliorum
663 1750 816 1809 nunquam,
842 1734 942 1791 Patres
967 1735 1127 1811 conscripti,

178 1811 336 1887 penitebit.
356 1790 481 1887 (nanim
494 1829 577 1875 moa,
593 1828 678 1886 quam
692 1811 761 1868 mira
774 1812 941 1869 nriforusse
956 1813 1127 1877 misaam,

177 1890 308 1947 omnibus
321 1898 367 1947 est
388 1886 505 1979 parata)
526 1889 591 1945 vitae
615 1896 723 1946 tantam
745 1890 867 1956 laudem,
882 1900 988 1967 quanta
1009 1909 1059 1947 vos
1083 1909 1127 1948 me
1139 1896 1176 1949 20

177 1970 277 2025 vestris
302 1967 425 2025 decretis
449 1968 625 2034 honestastis,
650 1987 734 2025 nemo
754 1978 798 2026 est
821 1980 976 2028 assecutus.
1019 1969 1128 2026 Ceteris

71 2076 81 2101 a
178 2048 251 2104 enim
276 2048 349 2104 bene
371 2055 461 2124 gesta,
476 2046 546 2102 mihi
570 2046 618 2103 uni
638 2058 803 2104 conservata
823 2049 982 2125 republica
1002 2048 1126 2125 gratula-

56 2142 168 2257 2205*

170 2125 283 2199 ,tionem
297 2126 468 2183 decrevistis.
505 2133 552 2182 2l.
574 2124 618 2181 Sit
632 2124 726 2203 Scipio
740 2126 833 2183 clarus
847 2128 901 2193 ille,
916 2128 999 2204 cujus
1013 2127 1127 2185 consilio
1183 2162 1188 2175 ·

177 2212 263 2280 atque
277 2204 383 2262 virtute
404 2204 545 2262 Hannibal
561 2204 590 2260 in
603 2204 730 2261 Africam
744 2205 835 2262 redire
849 2216 933 2282 atque
951 2206 1030 2262 ltalia
1044 2205 1125 2263 dece-

177 2283 244 2340 dere
259 2292 375 2342 ooactus
389 2290 451 2350 est;
472 2291 586 2340 ornetur
599 2283 670 2340 alter
683 2283 785 2341 eximia
804 2284 888 2342 laude
903 2285 1064 2352 Africanus,
1079 2284 1126 2361 qui
1138 2289 1175 2342 et

177 2362 249 2419 duas
263 2364 350 2420 urbes
364 2362 429 2418 huie
442 2361 560 2438 imperio
573 2362 766 2419 infestissimas
779 2363 985 2441 Karthaginem
1000 2364 1125 2421 Numan·

177 2441 304 2518 tiamque
318 2434 439 2508 delevii3
461 2441 599 2498 habeatur
612 2442 655 2498 vir
674 2442 805 2519 egregius
825 2442 942 2499 Paullus
963 2443 1018 2510 ille,
1043 2444 1126 2521 cujus

177 2539 292 2577 currum
305 2538 356 2601 rea
379 2519 589 2595 potentissimus
603 2520 748 2596 quondam
770 2526 800 2576 et
817 2521 1004 2581 nobilissimus
1024 2523 1125 2579 Perses

176 2598 355 2661 honestavit}
375 2599 412 2654 sit
425 2606 532 2656 aeterna
554 2599 644 2675 gloria
664 2599 779 2665 Marius,
794 2599 842 2675 qui
863 2600 905 2657 bis
927 2601 1037 2658 Italiam
1051 2601 1124 2659 obsi·

177 2677 260 2734 dione
285 2684 315 2735 et
341 2684 420 2734 metu
443 2678 585 2734 servitutis
609 2677 754 2744 hberavit;
785 2688 972 2755 anteponatur
995 2680 1125 2737 omnibus
1137 2681 1175 2733 30

176 2756 340 2833 Pompeius,
355 2757 438 2833 cujus
462 2774 507 2813 res
531 2763 620 2834 gestae
643 2765 730 2833 atque
750 2756 868 2814 virtutes
891 2758 998 2824 iisdem,
1022 2758 1124 2834 quibus

177 2836 243 2892 solis
251 2854 361 2902 cursus,
371 2835 534 2912 regionibus
544 2854 578 2892 ac
588 2836 712 2892 terminis
722 2836 916 2893 continentur:
935 2838 987 2894 erit
997 2837 1125 2914 profecto

175 2913 248 2971 inter
272 2915 374 2971 horum
399 2913 499 2971 landes
513 2914 618 2989 aliquid
644 2914 698 2971 loci
718 2922 822 2972 nostrae
843 2916 941 2992 gloriae
952 2934 960 2982 ;
980 2914 1032 2971 nisi
1052 2915 1125 2972 forte

176 2995 269 3072 majus
284 3000 328 3050 est
352 2992 513 3071 patefacere
527 2993 606 3051 nobis
627 2993 790 3070 provincias,
805 3013 862 3070 quo
876 2995 950 3051 exire
975 2993 1123 3071 possimus,

175 3091 261 3148 quam
276 3091 383 3139 curare,
398 3072 432 3127 ut
446 3072 530 3129 etium
543 3072 590 3139 illi,
606 3073 654 3149 qui
667 3073 780 3139 absunt,
795 3073 994 3149 habeantque
1006 3072 1125 3130 victores
1136 3076 1173 3128 ³5

175 3159 361 3209 revertantur.
404 3157 450 3208 22.
472 3152 651 3226 Quamquam
671 3158 716 3207 est
735 3170 792 3208 uno
810 3152 873 3208 loco
893 3151 1014 3209 conditio
1028 3150 1126 3207 melior

176 3239 301 3287 externae
314 3230 441 3288 victoriae
461 3249 547 3306 quam
561 3230 731 3297 domesticae,
746 3230 824 3306 quod
846 3230 942 3287 hostes
962 3229 1126 3306 alienigenae

175 3317 224 3365 aut
238 3310 369 3387 oppressi
383 3309 509 3366 serviunt
522 3315 572 3365 aut
592 3309 698 3384 recepti
718 3308 853 3367 beneficio
867 3327 897 3365 se
912 3309 1052 3386 obligatos
1073 3327 1124 3384 pu-

175 3393 250 3445 tant:
273 3389 323 3465 qui
343 3380 441 3444 autem
455 3406 492 3443 ex
504 3406 621 3444 numero
636 3387 737 3444 civium
752 3387 894 3444 dementia
910 3387 1003 3463 aliqua
1024 3386 1125 3462 depra-

175 3468 230 3524 vati
242 3469 343 3525 hostes
358 3466 459 3542 patriae
473 3466 560 3523 semel
573 3485 634 3531 esse
648 3474 806 3543 coeperunt,
821 3485 878 3532 eos,
893 3485 982 3542 quum
997 3483 1014 3520 a
1034 3465 1124 3541 pemi-
1136 3466 1175 3519 40

176 3545 214 3602 eie
236 3548 277 3604 rei
302 3546 427 3624 publicae
447 3544 613 3620 reppuleris‚
637 3563 690 3602 nec
715 3545 743 3601 vi
765 3562 894 3601 coercere
916 3564 969 3601 nee
992 3543 1126 3600 beneficio

174 3624 285 3700 placare
306 3625 417 3702 possis;
439 3641 527 3700 quare
546 3623 616 3680 mihi
639 3642 705 3680 cum
727 3623 844 3699 perditis
869 3624 974 3680 civibus
989 3629 1127 3678 aeternum

174 3702 277 3762 bellum
291 3710 463 3780 susceptum
484 3720 546 3759 esse
559 3701 649 3759 video.
692 3701 728 3758 Id
748 3720 803 3779 ego
817 3711 911 3759 vestro
930 3704 1126 3774 bonorumque

173 3785 297 3844 emnium
321 3781 430 3841 auxilio
452 3779 645 3858 memoriaque
666 3788 812 3838 tantorum
839 3780 1037 3858 periculorum,
1061 3794 1127 3853 quoe
