2742 4384
324 209 446 266 200
1224 218 1428 261 nome.

322 313 420 442 ΞΣ
685 347 761 398 Et
787 348 1087 413 Capitolini·
1108 349 1280 412 injecit
1299 345 1504 396 cedibus
1524 349 1682 410 ignes.

691 425 817 474 Tum
838 428 1026 490 species
1047 442 1110 473 esc
1133 441 1227 474 ‹ere
1248 432 1394 473 vetus
1412 439 1745 488 generosaque
1768 420 1964 480 Natta,

684 503 932 560 Concidit,
954 503 1225 567 elapeaeque
1249 509 1440 550 vetusto
1463 504 1662 550 numine
1686 501 1824 565 leges
1835 516 1855 556 ‚-

680 581 756 630 Et
780 580 968 629 Divum
990 580 1258 628 simulacra
1274 581 1483 643 peremit
1496 579 1738 641 fulminis
1759 577 1921 645 ardor,

679 658 781 707 Hic
802 658 1049 706 silvestris
1071 664 1197 714 erat,
1221 656 1436 704 Romani
1457 657 1670 704 nominis
1690 656 1867 713 altrix,

680 733 887 792 Martia,
910 750 1017 798 quoe
1035 749 1218 798 parvos
1239 731 1485 782 Mavortia
1506 735 1687 781 semine
1710 739 1855 780 natos

684 810 926 861 Uberibus
943 810 1176 874 gravidis
1198 811 1345 859 vitali
1364 826 1473 858 rore
1496 809 1701 873 rigabat
1715 827 1734 858 .·

685 888 808 948 Quoe
832 895 937 936 tum
960 903 1070 935 cum
1086 887 1528 952 puerisflammato
1539 886 1783 948 fulminis
1802 888 1911 936 ictu

682 965 931 1023 Concidit,
955 973 1102 1029 atque
1125 966 1299 1013 avulsa
1319 964 1505 1029 pedum
1526 966 1742 1028 vestigia
1767 964 1929 1027 liquit.

685 1042 811 1091 Tum
834 1045 945 1106 quie
967 1058 1079 1098 non,
1102 1043 1230 1090 artie
1251 1044 1436 1106 scripta
1461 1058 1520 1089 ac
1541 1048 1851 1090 monumenta
1874 1040 2124 1099 volutans,

683 1120 836 1169 Voces
860 1119 1118 1181 trietijicas
1142 1120 1329 1168 chartis
1346 1118 1597 1183 promebat
1621 1118 1898 1167 Etruscis?

679 1197 861 1246 Omnes
882 1197 1025 1246 civili
1044 1211 1284 1260 generosa
1307 1199 1461 1260 stirpe
1479 1195 1755 1260 profectam

686 1274 858 1323 Vitare
883 1277 1134 1337 ingentem
1160 1273 1351 1321 cladem
1368 1280 1654 1337 pestemque
1677 1271 1969 1328 monebant‚·

687 1351 778 1400 Vel
801 1352 968 1415 legum
990 1353 1199 1399 exitium
1224 1352 1473 1398 constanti
1493 1366 1607 1398 voce
1619 1348 1856 1410 serebant
1868 1364 1890 1405 ‚⁰

685 1427 889 1493 Templa
914 1428 1171 1492 Deumque
1195 1427 1314 1475 adeo
1324 1427 1551 1490 flammis
1572 1427 1808 1490 urbesque
1819 1425 2068 1490 jubebant

676 1505 905 1570 Eripere,
929 1512 976 1553 et
1000 1512 1221 1568 stragem
1244 1502 1526 1553 horribilem
1548 1504 1823 1567 ccedemque
1846 1505 2003 1553 vereri
2018 1520 2038 1551 .-

673 1581 840 1646 Atque
863 1583 965 1630 haec
976 1582 1091 1644 fixa
1113 1584 1263 1646 gravi
1275 1581 1392 1644 fato
1415 1597 1474 1630 ac
1486 1581 1718 1643 fundata
1742 1583 1929 1636 teneri,·

674 1659 748 1709 Ni
765 1667 896 1725 post,
920 1661 1168 1708 excelsum
1190 1659 1258 1707 ad
1280 1659 1501 1707 columen
1515 1658 1739 1720 formata
1762 1659 1947 1715 decore,

681 1738 872 1786 Sancta
895 1738 1041 1786 Jovie
1061 1739 1250 1802 species
1271 1737 1432 1784 claros
1454 1743 1701 1800 spectaret
1723 1738 1776 1784 in
1798 1743 1938 1784 ortus
1955 1753 1973 1783 .-

683 1814 815 1864 Tum
825 1815 960 1877 sore,
983 1822 1041 1863 ut
1062 1815 1280 1862 occultos
1302 1815 1520 1878 populus
1540 1821 1837 1876 canctusque
1865 1812 2087 1861 Senatus

679 1893 886 1941 Cernere
910 1900 1117 1941 conatus
1135 1899 1323 1956 poeeet,
1345 1893 1409 1947 si,
1433 1891 1554 1939 solie
1576 1890 1643 1938 ad
1664 1898 1824 1938 ortum

679 1969 942 2025 Conversa,
966 1969 1080 2017 inde
1097 1976 1302 2033 patrum
1325 1967 1469 2016 cedes
1486 1967 1754 2032 populique
1779 1966 1985 2015 videret.

676 2046 818 2103 Haec,
844 2045 1045 2095 tardata
1071 2046 1160 2093 diu
1184 2047 1390 2109 species,
1413 2046 1717 2108 multumque
1740 2051 1949 2102 morata,

681 2122 896 2171 Consule
923 2130 967 2171 te
993 2121 1192 2170 tandem
1215 2123 1347 2170 celsa
1369 2129 1445 2169 eet
1468 2124 1522 2169 in
1546 2121 1657 2169 sede
1682 2122 1844 2170 locata
1860 2119 1889 2169 .·‘

677 2198 842 2263 Atque
869 2215 970 2247 una
980 2199 1084 2261 fixi
1107 2215 1166 2247 ac
1187 2201 1384 2262 signati
1409 2201 1641 2263 temporie
1664 2199 1782 2247 bora

677 2278 915 2342 Juppiter
939 2278 1134 2325 excelsa
1157 2276 1380 2325 clarabat
1405 2283 1599 2340 eceptra
1624 2276 1883 2332 columna5

678 2354 754 2403 Et
778 2355 944 2403 cladee
962 2357 1166 2419 patrioe,
1177 2354 1384 2418 flamma
1397 2353 1631 2416 ferroque
1649 2361 1851 2416 parata,

687 2431 900 2481 Vocibus
922 2431 1242 2496 Allobrogum
1263 2431 1496 2494 patribus
1513 2431 1788 2495 populoque
1806 2431 2024 2495 patebat.

489 2511 550 2556 2.
588 2511 655 2556 In
697 2511 988 2567 Capitolio.
1058 2509 1239 2557 Where
1272 2524 1376 2557 was
1412 2510 1495 2555 the
1534 2510 1713 2570 temple
1756 2510 1811 2556 of
1840 2507 2027 2570 Jupiter
2049 2509 2144 2558 and
2183 2510 2320 2558 other

418 2589 620 2648 temples
631 2586 1008 2642 ‘l—Percucsae,
1033 2587 1147 2633 with
1176 2586 1424 2648 lightning.

485 2663 550 2707 3.
588 2664 855 2719 Depulsa.
924 2662 1045 2710 This
1068 2663 1196 2710 word
1221 2664 1407 2724 implies
1430 2678 1459 2709 a
1482 2662 1763 2726 displacing,
1788 2662 1991 2726 dejectce
2026 2665 2073 2711 in
2096 2665 2179 2712 the
2202 2669 2318 2712 next

418 2740 530 2797 line,
553 2755 583 2787 a
605 2741 842 2804 thr-owing
864 2741 1004 2787 down
1026 2755 1077 2787 or
1100 2741 1422 2801 over-turning.
1488 2739 1582 2786 See
1607 2738 1655 2786 N
1658 2755 1785 2800 epea,
1811 2739 1970 2788 Alcib.
1993 2741 2042 2797 3,
2064 2740 2109 2789 2.

484 2818 550 2863 4.
586 2818 794 2871 Legum
827 2827 961 2864 aera.
1029 2815 1138 2863 The
1175 2818 1292 2864 laws
1331 2817 1379 2863 in
1403 2818 1485 2863 the
1508 2818 1697 2864 earliest
1736 2818 1893 2878 period
1917 2833 2043 2866 were
2076 2819 2317 2881 engraved

418 2910 482 2943 on
505 2895 675 2941 tablets
697 2895 750 2940 of
766 2893 898 2941 wood
918 2908 932 2954 ;
963 2908 1078 2940 soon
1102 2893 1398 2948 afterwards,
1422 2894 1659 2949 however,
1683 2909 1742 2941 on
1779 2895 1949 2942 tablets
1972 2896 2024 2942 of
2050 2896 2195 2951 brues,
2221 2896 2315 2943 and

417 2978 492 3019 set
516 2987 580 3033 up
613 2973 661 3018 in
683 2985 813 3018 some
836 2970 993 3032 public
1016 2972 1175 3031 place,
1197 2978 1321 3017 most
1343 2972 1610 3032 frequently
1633 2973 1679 3019 in
1705 2987 1735 3018 a
1768 2974 1962 3032 temple,
1986 2974 2241 3034 especially
2267 2974 2316 3020 in

420 3048 515 3096 and
539 3048 718 3096 around
743 3049 826 3096 the
850 3049 1025 3110 temple
1049 3048 1102 3094 of
1126 3045 1315 3109 Jupiter
1335 3063 1396 3095 on
1420 3049 1503 3095 the
1526 3047 1735 3109 Capitol,
1759 3049 1852 3096 and
1888 3051 1937 3095 in
1962 3050 2043 3096 the
2067 3048 2317 3097 AErarium

421 3125 632 3173 Saturni.

487 3202 553 3246 δ.
589 3201 794 3248 Tactus
808 3201 893 3248 est
918 3224 976 3246 =
1004 3201 1197 3250 afflatus
1219 3203 1387 3251 leviter
1407 3203 1610 3251 fulmine
1634 3208 1689 3250 ut
1710 3204 1919 3264 explieat
1944 3203 2079 3252 Serv.
2103 3204 2163 3251 ad
2184 3202 2315 3267 Virg.

417 3277 542 3326 Buc.
567 3281 613 3334 1,
641 3279 701 3325 17
722 3293 737 3339 ;
769 3278 888 3327 AEn.
905 3280 954 3337 2,
979 3280 1089 3329 649.

483 3356 547 3401 6.
587 3357 775 3410 Quem
808 3357 1145 3404 inauratum.
1213 3356 1318 3407 Liv.
1355 3357 1434 3414 10,
1455 3357 1536 3413 23,
1560 3358 1619 3404 de
1654 3372 1699 3404 A.
1722 3371 1769 3405 u.
1792 3371 1835 3403 c.
1869 3357 1981 3412 458,
2020 3357 2109 3404 Cn.
2133 3365 2181 3405 et
2219 3357 2314 3417 Qu.

421 3431 636 3496 Ogulnii
668 3432 838 3481 oedilee
872 3433 1199 3482 curules—ad
1220 3434 1379 3496 ficum
1404 3433 1719 3482 Ruminalem
1762 3438 1886 3494 (quae
1918 3441 2019 3482 erat
2053 3437 2100 3482 in
2123 3437 2315 3483 comitio

417 3526 562 3574 prope
596 3512 801 3570 curiam)
843 3513 1112 3560 eivnulacra
1153 3511 1425 3573 infantium
1460 3511 1755 3558 conditorem
1789 3509 1927 3558 urbis
1959 3511 2049 3560 cub
2085 3511 2315 3560 uberibue

419 3589 548 3653 lupe
571 3596 854 3652 posuerunt.
923 3589 997 3636 M.

487 3669 549 3714 'Y-
584 3666 785 3712 Fuisse
806 3666 1157 3714 meministis·
1197 3666 1261 3714 So
1284 3667 1453 3721 above,
1477 3667 1705 3712 memoria
1731 3666 1909 3712 tenetis
1930 3700 1942 3711 .
1967 3699 1979 3711 .
2003 3700 2015 3713 .
2033 3681 2313 3730 percussae.

417 3741 556 3793 With
579 3745 712 3793 what
735 3750 866 3791 tense
890 3744 945 3791 os
961 3744 1044 3790 the
1067 3742 1300 3791 infinitivo
1323 3744 1363 3790 is
1385 3742 1582 3789 memini
1604 3741 1801 3804 joined?
1867 3742 1923 3790 Ζ.
1944 3743 2055 3794 589.

578 1452 584 1459 ,
573 1361 609 1443 (2sp
