2742 4384
227 275 284 330 100
692 287 802 349 onemo

275 416 383 474 dixerit.
425 415 478 472 His
501 415 588 494 igitur
610 417 714 474 tabulis
734 417 842 473 nullam
865 417 979 474 lituram
1002 418 1031 476 in
1050 418 1162 476 nomine
1182 419 1220 479 A.

274 495 371 552 Licini
384 495 493 552 videtis.
538 501 582 552 10.
605 495 676 563 Quae
690 515 779 571 quum
799 496 838 553 ita
851 497 915 563 sint,
930 497 999 573 quid
1020 504 1071 564 est,
1087 499 1164 573 quod
1183 497 1222 556 de

275 575 337 651 ejus
364 575 477 632 civitate
500 574 644 640 dubitetis,
668 575 825 650 prasertim
853 594 942 650 quum
968 576 1029 632 aliis
1057 595 1169 652 quoque
1192 578 1222 634 in

275 654 435 711 civitatibus
458 653 543 709 fuerit
566 652 749 729 adscriptus?
790 653 903 710 Etenim
922 674 1011 730 quum
1032 655 1220 714 mediocribus

243 742 261 792 5
274 733 370 789 multis
384 739 413 789 et
433 739 482 787 aut
496 730 573 787 nulla
587 738 637 788 aut
657 731 756 787 humili
770 732 865 807 aliqua
877 740 938 789 arte
952 733 1080 809 praeditis
1094 735 1221 812 gratuito

274 812 416 868 civitatem
436 810 464 866 in
482 810 593 866 Graecia
606 810 733 866 homines
753 810 960 886 impertiebant,
976 812 1121 890 Rheginos
1136 814 1221 872 credo

273 898 323 947 aut
337 891 491 947 Locrenses
505 896 555 944 aut
573 888 776 965 Neapolitanos
790 896 840 945 aut
853 890 1025 957 Tarentinos,
1041 891 1118 967 quod
1132 893 1220 949 sceni-

274 969 313 1026 cis
327 969 478 1026 artificibus
502 967 598 1044 largiri
612 968 749 1033 solebant,
764 968 794 1024 id
814 968 880 1025 huic
893 987 1004 1025 summa
1023 971 1126 1046 ingenii
1148 989 1220 1047 prae·

273 1048 333 1105 dito
353 1048 443 1125 gloria
456 1045 586 1103 noluisse.
628 1046 727 1115 Qud?
748 1065 837 1121 quum
858 1047 943 1104 ceteri
966 1066 1023 1103 non
1043 1049 1130 1106 modo
1155 1057 1221 1126 post

223 1134 260 1186 10
274 1127 415 1184 civitatem
430 1126 534 1191 datam,
547 1125 597 1182 sed
612 1126 697 1182 etiam
712 1133 777 1201 post
791 1126 885 1202 legem
899 1125 1019 1202 Papiam
1029 1127 1124 1203 aliquo
1133 1128 1221 1186 modo

272 1206 301 1262 in
328 1225 426 1262 eorum
453 1204 668 1281 municipiorum
695 1204 808 1260 tabulas
831 1204 1000 1280 irrepserint,
1026 1205 1080 1272 hio,
1109 1206 1157 1281 qui
1184 1226 1222 1264 ne

273 1285 362 1341 utitur
376 1284 491 1360 quidem
510 1283 572 1349 illis,
587 1282 615 1339 in
629 1283 732 1358 quibus
746 1289 790 1339 est
810 1283 940 1360 scriptus
956 1283 1034 1359 quod
1054 1303 1168 1361 semper
1189 1304 1222 1343 se

274 1363 484 1420 Heracliensem
505 1380 566 1419 esse
583 1361 680 1427 voluit,
703 1361 866 1437 rejicietur‘l
910 1367 954 1419 11.
977 1362 1088 1419 Census
1107 1370 1222 1421 nostros

272 1441 398 1516 requiris.
440 1440 569 1497 Scilicet:
590 1450 635 1496 est
648 1440 722 1496 enim
736 1441 889 1497 obscurum
910 1440 1043 1516 proximis
1057 1442 1222 1500 censoribus

223 1527 258 1579 15
273 1519 348 1576 hunc
364 1539 428 1576 cum
439 1519 592 1575 clarissimo
604 1519 782 1595 imperatore,
793 1518 825 1575 L.
837 1519 964 1586 Lucullo,
976 1520 1061 1596 apud
1066 1521 1222 1578 exercitum

272 1597 367 1664 fuisse,
390 1597 670 1673 superioribus.cum
690 1596 791 1653 eodem
815 1605 956 1672 quaestore
980 1599 1066 1657 fuisse
1089 1599 1118 1655 in
1137 1600 1220 1668 Asia,

273 1676 378 1752 primis,
393 1676 411 1733 J
413 1676 469 1732 ulio
483 1682 512 1732 et
522 1675 638 1743 Crasso,
653 1677 761 1732 nullam
775 1676 874 1752 populi
894 1684 1004 1753 partem
1019 1697 1081 1734 esse
1095 1696 1219 1736 censam.

273 1754 340 1821 Sed,
355 1755 488 1831 quoniam
502 1774 603 1812 census
616 1773 673 1811 non
685 1755 733 1831 jus
750 1754 869 1812 civitatis
888 1757 1035 1813 confirmat
1047 1775 1081 1813 ac
1094 1763 1221 1814 tantum-

272 1834 358 1891 modo
372 1834 477 1892 indicat
490 1853 564 1900 eum,
581 1834 630 1909 qui
644 1833 680 1890 sit
702 1853 811 1900 census,
826 1833 866 1890 ita
880 1853 911 1890 se
932 1835 993 1911 jam
1013 1842 1075 1891 tum
1095 1835 1221 1912 gessisse

196 1910 199 1945 ¹
222 1919 259 1972 20
273 1933 324 1990 pro
349 1914 426 1970 cive:
458 1912 490 1969 iis
513 1912 697 1988 temporibus,
722 1931 808 1987 quem
838 1920 872 1969 tu
895 1913 1047 1970 criminaris
1071 1932 1106 1971 ne
1130 1914 1221 1991 ipsius

272 1992 387 2068 quidem
408 1991 515 2069 judicio
529 1991 557 2048 in
571 1991 673 2048 civium
694 1991 886 2047 Romanorum
904 1992 969 2068 jure
982 2011 1044 2048 esse
1064 2002 1219 2061 versatum,

273 2078 302 2128 et
315 2078 516 2127 testamentum
530 2088 608 2147 saepe
621 2069 689 2126 fecit
701 2069 803 2126 nostris
817 2070 928 2146 legibus
942 2078 971 2127 et
991 2070 1060 2127 adiit
1078 2071 1220 2128 heredita-

272 2157 316 2206 tes
330 2150 432 2206 civium
446 2150 639 2206 Romanorum
652 2154 682 2204 et
702 2147 730 2204 in
744 2148 884 2205 beneficiis
897 2150 935 2206 ad
956 2149 1087 2207 aerarium
1106 2150 1221 2208 delatus

272 2235 316 2286 est
329 2247 347 2284 a
361 2228 392 2286 L.
408 2228 527 2286 Lucullo
542 2227 718 2304 proconsule.

222 2314 258 2367 25
312 2308 364 2365 VI.
386 2308 489 2376 Quaere
508 2313 683 2383 argumenta,
699 2305 722 2362 si
745 2324 809 2381 quae
833 2311 923 2381 potes.
964 2305 1120 2383 Nunquam
1143 2306 1221 2365 enim

272 2386 317 2444 hic
331 2405 422 2463 neque
437 2405 488 2442 suo
501 2403 594 2460 neque
607 2385 762 2441 amicorum
773 2384 880 2461 judicio
894 2383 1059 2442 revincetur.

314 2471 359 2522 12.
382 2466 498 2534 Quaeres
522 2483 540 2520 a
559 2463 648 2530 nobis,
672 2463 761 2529 Grati,
784 2482 834 2520 cur
853 2469 1002 2538 tantopere
1025 2463 1079 2519 hoc
1103 2462 1220 2521 bomine

272 2541 453 2600 delectemur.
496 2541 569 2611 Quia
582 2541 747 2618 suppeditat
760 2541 849 2606 nobis,
864 2541 914 2598 ubi
935 2547 964 2597 et
983 2541 1092 2597 animus
1106 2559 1142 2597 ex
1162 2542 1219 2599 hoc

271 2620 376 2677 forensi
390 2622 510 2697 strepitu
523 2620 664 2677 reficiatur
677 2626 707 2677 et
726 2639 809 2676 aures
824 2619 948 2677 convicio
966 2619 1086 2676 defessae
1102 2620 1218 2695 conqui-

221 2705 259 2757 30
272 2707 377 2756 escant.
419 2701 468 2756 An
488 2706 521 2756 tu
535 2699 677 2757 existimas
691 2706 741 2755 aut
761 2705 914 2774 suppetere
927 2697 1007 2755 nobis
1031 2717 1123 2774 posse,
1138 2698 1219 2774 quod

272 2778 397 2853 quotidie
424 2777 560 2844 dicamus,
584 2777 613 2834 in
639 2784 719 2834 tanta
746 2778 880 2833 varietate
906 2794 1009 2842 rerum,
1034 2776 1086 2833 nisi
1108 2777 1219 2835 animos

271 2864 383 2913 nostros
397 2855 524 2914 doctrina
538 2857 708 2922 excolamus,
723 2862 774 2912 aut
793 2855 867 2911 ferre
880 2855 987 2911 animos
1002 2862 1112 2911 tantam
1132 2874 1219 2932 posse

272 2934 487 3001 contentionem,
509 2935 561 2992 nisi
584 2953 632 2991 eos
653 2933 780 2991 doctrina
798 2933 899 2991 eadem
921 2933 1103 2990 relaxemus?
1151 2934 1218 3010 Ego

272 3032 339 3070 vero
352 3013 443 3069 fateor
456 3032 502 3069 me
522 3014 566 3070 his
580 3013 680 3069 studiis
695 3031 757 3076 esse
781 3012 917 3070 deditum.
960 3012 1078 3068 Ceteros
1098 3012 1216 3088 pudeat,

221 3099 258 3152 35
272 3093 296 3149 si
308 3092 358 3168 qui
371 3111 401 3149 se
415 3092 454 3149 ita
467 3092 553 3149 literis
567 3091 745 3157 abdiderunt,
760 3098 793 3147 ut
812 3090 881 3147 nihil
901 3090 1010 3167 possint
1023 3109 1058 3146 ex
1071 3090 1104 3147 iis
1123 3108 1218 3166 neque

272 3171 309 3227 ad
323 3190 502 3229 communem
515 3170 614 3226 afferre
628 3169 753 3226 fructum
772 3187 863 3244 neque
883 3169 912 3225 in
925 3168 1093 3245 adspectum
1109 3169 1217 3226 lucem-

272 3269 327 3325 que
348 3250 481 3326 proferre.
523 3249 571 3305 Me
587 3254 683 3303 autem
703 3247 771 3322 quid
790 3246 906 3323 pudeat,
927 3247 977 3322 qui
999 3254 1043 3304 tot
1066 3266 1153 3305 annos
1177 3248 1219 3304 ita

271 3328 343 3392 vivo,
366 3329 485 3404 judices,
501 3335 534 3384 ut
556 3345 574 3382 a
593 3325 696 3382 nullius
710 3344 835 3400 unquam
854 3343 900 3381 me
920 3331 1049 3402 tempore
1069 3334 1119 3382 aut
1139 3345 1217 3384 com·

272 3406 358 3462 modo
381 3414 432 3463 aut
455 3407 543 3463 otium
564 3423 659 3461 meum
672 3404 842 3460 abstraxerit
865 3410 915 3459 aut
938 3404 1070 3480 voluptas
1093 3405 1219 3462 avocarit

220 3487 258 3541 40
272 3492 322 3539 aut
341 3484 461 3560 denique
482 3502 596 3540 somnus
616 3481 788 3538 retardarit?
831 3488 877 3539 13.
900 3482 994 3550 Quare
1018 3482 1080 3558 quis
1100 3482 1219 3540 tandem

271 3580 318 3618 me
331 3562 520 3638 reprehendat
539 3568 588 3617 aut
602 3561 664 3636 quis
678 3560 748 3616 mihi
765 3560 829 3636 jure
843 3566 1017 3627 succenseat,
1032 3561 1063 3626 si,
1078 3568 1219 3635 quantum

272 3640 371 3698 ceteris
385 3641 422 3697 ad
443 3658 508 3696 suas
522 3658 567 3697 res
580 3638 734 3705 obeundas,
750 3644 888 3714 quantum
902 3637 940 3694 ad
960 3638 1047 3695 festos
1062 3637 1121 3695 dies
1135 3639 1218 3697 ludo·

271 3738 335 3776 rum
350 3717 541 3785 celebrandos,
563 3724 701 3794 quantum
716 3716 753 3773 ad
767 3716 835 3773 alias
850 3716 1012 3792 voluptates
1026 3723 1055 3773 et
1068 3716 1106 3773 ad
1125 3716 1219 3793 ipsam

270 3798 397 3876 requiem
411 3796 497 3855 animi
517 3804 546 3855 et
560 3795 685 3873 corporis
699 3794 864 3852 conceditur
876 3801 1058 3871 temporum
1078 3803 1219 3872 quantum
