2742 4384
401 260 490 300 anton
506 258 635 300 oximori
649 256 779 299 idimon
792 257 939 300 oimm.

187 388 257 437 vium
268 386 375 438 colonias
386 387 532 437 devastavit.
568 351 651 448 Quum
661 387 733 437 nulla
743 402 800 452 spes
811 394 875 436 esset
891 386 1053 452 optimatibus
1062 351 1188 477 reris-'3⁸3

189 467 258 515 tendi
271 475 373 531 propter
383 469 514 530 segnitiem
533 474 557 514 et
573 465 708 531 perfidiam
726 474 751 515 et
763 466 853 514 ducum
864 473 889 514 et
904 467 1020 524 miiitum,
1032 469 1075 531 qui
1086 483 1138 515 cor·

186 547 257 609 rupti
267 553 312 592 aui
320 560 436 609 pugnare
448 543 570 602 nolebant,
579 551 623 592 aut
635 543 669 591 ad
681 543 794 592 diversae
801 551 889 608 partes
897 543 1046 601 transibant,
1056 544 1138 594 Ginna

187 629 212 670 et
223 621 321 671 Murius
333 625 360 671 in
372 622 455 671 urbem
466 624 559 686 recepti
570 629 645 670 sunt:
662 623 714 685 qui,
726 621 794 669 velut
805 629 913 685 captam,
924 637 977 669 eam
989 621 1097 671 cedibus
1113 630 1138 672 ei

185 701 283 763 rapinis
299 708 439 757 vastarunt,
454 699 501 749 Gn.
514 699 619 748 Octavio
636 699 735 747 consule
752 700 838 755 occiso,
850 706 874 747 et
894 697 1007 748 omnibus
1027 700 1137 750 adversis

182 779 267 841 partis
286 777 409 826 nobilibus
429 777 571 834 trucidatio,
592 778 658 825 inter
676 792 737 839 quos
756 775 791 824 M.
811 775 919 824 Antonio
939 778 1137 841 eloquentissimo

185 855 247 911 viro,
260 853 289 902 L.
298 862 323 903 et
336 854 364 903 o.
375 853 483 912 Gasare,
495 870 597 918 quorum
609 856 693 917 capita
705 856 732 902 in
743 852 844 901 Rostris
849 856 932 917 posita
942 862 1008 904 sunt.
1029 854 1138 905 Crassus

187 931 262 994 jiiius
272 930 303 980 ab
315 930 440 996 equitibus
457 931 574 981 Fimbria
586 932 699 979 occisus:
716 938 788 995 pater
802 929 918 988 Crassus,
930 948 960 980 ne
973 931 1033 995 quid
1051 932 1136 997 indig-

184 1024 244 1059 num
255 1012 347 1058 virtute
358 1025 405 1059 sua
414 1017 550 1073 pateretur,
560 1008 648 1073 gladio
660 1024 685 1057 se
699 1008 837 1070 transjicit.
870 1008 909 1056 Et
921 1011 985 1057 citra
998 1010 1051 1057 ulla
1063 1012 1136 1058 comi-

185 1088 222 1135 tii
233 1088 345 1136 consules
356 1090 383 1136 in
395 1095 534 1151 sequentem
546 1102 637 1136 annum
648 1101 674 1134 se
691 1088 758 1150 ipsos
768 1089 990 1135 renuntiaverunt:
1007 1087 1136 1151 eodemque

153 1208 168 1222 ,
185 1164 233 1221 die,
244 1180 291 1228 quo
303 1169 479 1229 magistratum
490 1166 608 1222 inierant,
620 1163 720 1212 Marius
737 1163 797 1211 Seu.
810 1162 937 1213 Licinium
953 1172 1089 1213 senatorem
1105 1165 1136 1213 de

184 1257 245 1290 savo
257 1242 333 1306 dejici
337 1245 420 1306 jussit
426 1259 437 1299 ,·
455 1243 577 1307 editisque
589 1242 676 1291 multis
687 1240 828 1298 sceleribus,
841 1240 932 1289 Idibus
948 1241 1083 1291 Januariis
1094 1242 1136 1291 de-

184 1322 277 1391 qescit:
294 1322 341 1379 air,
358 1323 432 1384 cujus
443 1323 466 1370 si
482 1322 654 1369 examinentur
666 1335 722 1367 cum
738 1317 878 1367 virtutibus
888 1322 960 1377 vitia,
973 1319 1041 1368 haud
1056 1320 1136 1382 facile

184 1400 218 1446 sit
229 1397 308 1456 dictu,
315 1406 398 1447 utrum
410 1397 470 1447 bello
481 1399 576 1455 melior,
586 1414 619 1447 an
626 1413 689 1474 pace
700 1398 859 1461 perniciosior
864 1396 966 1459 suerit:
984 1397 1053 1455 adeo,
1063 1414 1136 1461 quam

183 1491 235 1525 rem
251 1475 378 1540 publicam
398 1484 510 1526 armatus
529 1477 648 1533 servavit,
664 1490 719 1523 eam
738 1476 819 1539 primo
840 1482 942 1538 togatus
960 1479 1028 1525 omni
1044 1491 1135 1541 genere

184 1553 298 1617 fraudis,
308 1563 429 1619 postremo
441 1556 518 1603 armis
529 1554 651 1602 hostiliter
662 1554 758 1601 evertit.
791 1552 844 1601 liv.
858 1552 928 1617 Epit.
939 1552 978 1602 8⁰.

217 1633 273 1679 33.
292 1632 487 1680 nominatione
506 1632 621 1679 civium·
671 1631 705 1693 [s.
717 1646 739 1679 o.
752 1645 774 1678 c.
786 1630 851 1692 672]
894 1630 970 1678 Sulla
992 1629 1135 1689 Carbonem,

184 1711 295 1759 evercitu
307 1710 362 1772 ejuo
375 1707 437 1770 suso
448 1708 482 1756 ad
501 1708 626 1765 Clusium,
644 1707 678 1756 ad
694 1707 842 1756 Faventiam
858 1707 1049 1770 Fidentiamque
1065 1723 1135 1766 ceso,

185 1787 263 1838 ltalia
275 1786 391 1851 ecpulit:
408 1802 463 1834 curn
475 1784 640 1843 Samnitibus,
652 1787 695 1848 qui
706 1785 753 1833 soli
764 1801 796 1832 ec
808 1784 909 1833 Italicis
917 1784 1017 1847 populis
1027 1785 1136 1833 nondum

184 1880 253 1913 ornia
267 1856 411 1928 posuerant,
422 1865 503 1926 justa
514 1862 598 1912 urbem
616 1862 752 1911 Romanam
764 1869 821 1910 ante
837 1868 934 1925 portum
958 1861 1081 1910 Gallinam
1093 1861 1135 1910 de-

185 1941 304 1991 bellavit:
320 1948 513 2005 recuperataque
524 1957 550 1989 re
570 1939 683 2005 publica,
697 1938 892 2003 pulcherrimam
908 1939 1036 1986 victoriam
1047 1938 1134 1987 crude·

184 2021 263 2077 litate,
275 2027 368 2084 quanta
380 2022 407 2068 in
418 2019 487 2068 nullo
499 2019 623 2068 hominum
635 2017 701 2079 suit,
719 2018 866 2080 inquinavit.
900 2014 962 2063 Octo
973 2016 1053 2064 miliia
1066 2016 1134 2065 dedi·
1154 2011 1156 2014 ’

184 2105 264 2146 torum
275 2099 302 2145 in
314 2097 374 2145 villa
385 2096 484 2160 publica
496 2095 649 2144 trucidavit:
668 2093 779 2143 tabulam
792 2095 981 2158 proscriptionis
988 2097 1134 2158 proposuit.-

184 2173 267 2223 urbem
279 2190 308 2222 ac
320 2182 396 2222 totam
408 2173 512 2222 Italiam
520 2171 629 2222 coedibus
639 2173 763 2236 replevit:
781 2173 846 2220 inter
854 2187 916 2235 quos
927 2187 1009 2219 omnes
1019 2170 1134 2221 Prcnes·

185 2255 250 2302 tinas
261 2256 365 2301 inermes
376 2251 474 2300 concidi
484 2253 583 2314 jussit:
601 2249 719 2307 hiarium,
731 2251 848 2298 senatorii
864 2248 960 2297 ordinis
977 2251 1065 2305 virum,
1078 2265 1134 2298 cru·

183 2331 252 2380 ribus
264 2330 416 2393 brachiisque
432 2329 535 2391 fractis,
547 2328 651 2377 auribus
668 2328 806 2391 prosectis,
818 2333 842 2374 et
856 2325 953 2386 effossis
964 2326 1050 2381 oculis,
1062 2342 1134 2374 neco·

183 2411 226 2458 vit.
261 2407 289 2456 c,
301 2407 408 2465 Marius,
420 2406 549 2457 Praeneste
565 2405 679 2455 obsessus
692 2422 708 2453 a
726 2404 843 2453 Lucretio
864 2402 957 2465 Ofello,
970 2402 1134 2452 Sullanarum

180 2489 293 2553 partium
304 2489 365 2543 viro,
377 2501 452 2550 quum
468 2501 514 2550 per
532 2485 674 2534 cuniculum
685 2489 798 2547 captaret
815 2480 926 2537 evadere,
938 2487 1033 2544 septus
1048 2479 1079 2528 ab
1090 2497 1133 2528 ev·

183 2567 271 2621 ercitu,
282 2572 383 2612 mortem
393 2562 441 2611 sibi
458 2565 587 2619 conscivit,
598 2562 625 2609 id
636 2569 682 2619 est,
695 2563 722 2609 in
738 2562 792 2624 ipso
804 2559 927 2614 cuniculo,
939 2573 1014 2621 quum
1030 2560 1133 2608 sentiret

183 2658 208 2691 se
229 2641 331 2691 evadere
350 2658 397 2690 non
416 2656 496 2706 posse,
517 2656 573 2688 cum
592 2639 684 2688 Pontio
700 2638 821 2693 Telesino,
835 2635 910 2699 fugo
931 2637 1026 2692 comite,
1046 2638 1133 2686 stricto

183 2723 306 2784 utrimque
316 2719 413 2783 gladio,
425 2720 567 2768 concurrit:
585 2733 656 2781 quem
673 2732 749 2780 quum
759 2715 898 2771 occidisset,
910 2715 962 2777 ipse
973 2715 1075 2762 saucius
1086 2716 1132 2762 im·

179 2801 292 2863 petravit
303 2814 318 2846 a
331 2813 408 2854 servo,
420 2804 449 2844 ut
465 2812 491 2845 se
508 2796 636 2845 occideret.
669 2795 723 2844 Liv.
735 2793 807 2858 Epit.
819 2793 857 2842 88.
891 2791 984 2847 Florus,
995 2791 1020 2848 3,
1032 2791 1073 2847 21,
1084 2792 1132 2840 24:

183 2875 326 2933 Minorem,
338 2875 403 2939 quod
414 2874 482 2938 apud
495 2874 668 2938 Sacriportum
682 2872 762 2934 (Latii
767 2871 872 2933 portum)
890 2875 915 2917 et
926 2867 995 2932 opud
1008 2868 1133 2917 Collinam

179 2962 278 3018 portam
300 2955 461 3018 septuaginta
485 2952 592 3016 amplius
612 2951 684 3000 milia
709 2950 784 2998 Sulla
807 2946 915 2996 concidit
922 2963 932 3002 ,·
959 2945 1048 2994 bellum
1072 2954 1132 2995 unt.

185 3026 314 3091 Quattuor
321 3032 390 3080 milia
402 3030 541 3079 deditorum
553 3031 682 3078 inermium
694 3030 785 3076 civium
797 3029 824 3074 in
835 3025 897 3074 villa
910 3023 1012 3089 publica
1024 3023 1132 3084 interfici

183 3107 370 3172 jussit-Quis
390 3116 473 3157 cutem
492 3108 550 3156 illos
566 3113 650 3172 potest
667 3112 816 3169 computare,
833 3117 894 3167 quos
910 3103 938 3150 in
954 3100 1013 3149 urbe
1027 3103 1131 3165 passim,

182 3188 294 3250 quisquis
313 3187 400 3243 voluit,
412 3186 524 3235 occidit?
542 3185 617 3233 donec
633 3183 777 3232 adnwnente
796 3179 919 3242 Furfidio,
934 3181 1016 3227 vivere
1034 3179 1131 3242 aliquos

183 3263 275 3321 debere,
287 3272 317 3312 ut
333 3272 413 3312 essent
424 3263 516 3328 quibus
528 3266 669 3328 imperaret,
683 3262 810 3325 proposita
823 3264 860 3306 est
878 3259 968 3320 ingens
979 3256 1024 3304 illa
1037 3255 1130 3313 tabula,

182 3349 206 3388 et
217 3358 248 3389 ec
260 3344 313 3406 ipso
326 3345 447 3406 equestris
457 3341 620 3404 ardinisflore
632 3356 661 3388 ac
673 3344 777 3386 senatus
785 3336 833 3385 duo
841 3335 912 3383 milia
924 3334 1003 3390 electi,
1016 3335 1059 3397 qui
1069 3335 1131 3381 mori

182 3418 339 3481 juberentur.
372 3420 411 3468 Ci.
425 3419 452 3468 G.
462 3436 507 3484 pro
520 3419 548 3467 S.
560 3419 648 3468 Roscio
659 3416 716 3465 Am.
727 3416 766 3465 ³2.
793 3413 823 3461 Ο.
858 3413 905 3461 Soa
916 3413 1034 3468 Schmitn,
1046 3410 1130 3468 Rome,

181 3512 203 3559 p.
214 3496 271 3555 364,
283 3499 329 3546 soii.

214 3576 270 3622 34.
289 3575 430 3622 Dissensit
442 3575 482 3621 Μ.
495 3575 618 3632 Lepidus
631 3585 647 3618 o
660 3573 702 3626 0,.
715 3570 823 3618 comio.
865 3565 911 3630 [oi.
922 3565 1044 3614 AEmilius
1054 3564 1130 3629 Lepi·

182 3651 247 3699 dus:
264 3652 341 3712 dpaals
353 3652 406 3711 ἀνὴρ
416 3653 451 3696 nal
461 3653 559 3708 πολέμιος
569 3653 603 3696 sal
611 3649 817 3708 iprhnrrthsiraror,
834 3645 897 3693 Plus.
910 3643 976 3691 Sull-
992 3643 1031 3691 ³4.
1064 3642 1130 3690 Con·

180 3731 226 3786 sui,
237 3745 259 3777 a.
271 3745 293 3778 a.
306 3743 328 3776 o.
340 3727 394 3776 676.
428 3726 467 3788 0.]
502 3725 577 3774 Sulla
595 3724 708 3780 decessit,
720 3724 840 3787 honosque
858 3725 881 3770 ei
898 3727 1014 3769 coenatu
1030 3718 1130 3767 habitus

181 3814 227 3864 est,
239 3814 269 3855 ut
288 3807 316 3854 in
335 3820 421 3870 campo
438 3802 530 3852 Martio
547 3803 700 3868 sepeliretur.
734 3800 769 3849 Μ.
780 3800 904 3849 AEmilius
920 3797 1042 3862 Lepidus,
1053 3811 1130 3861 quum

617 3889 653 3939 18
