2742 4384
362 360 366 365 Ι
476 301 701 355 mosenum,
722 303 862 349 oraru.
1062 236 1077 273 ὁ
1148 296 1188 355 u

185 381 396 489 1111111111ζᾶιῆ’Δ
411 382 524 490 111οέ1111
557 432 711 492 sumunda
736 434 922 495 fundamento
948 436 988 496 rei
1015 438 1138 516 publicu

188 511 288 568 Gallos
302 510 430 576 arcessit,
445 510 557 568 servitia
579 512 710 580 concitat,
732 514 881 573 Catilinam
895 524 985 581 vocat,
1010 518 1138 577 attribuit

57 640 59 645 ,
184 608 238 646 nos
250 589 438 647 trucidandos
451 590 590 667 Cethego,
605 599 715 649 ceteros
729 593 804 651 cives
825 594 1030 653 interficiendos
1052 596 1136 655 Gabi·

41 683 66 705 2‘·
79 667 139 737 'jz'
184 668 239 734 nio,
254 668 355 725 urbem
369 668 599 726 inflammandam
612 669 719 737 casio,
735 680 826 730 totam
846 673 958 731 Italum
972 675 1136 735 mundun

62 768 82 789 ν
184 747 430 824 diripiendamque
454 746 592 806 Catilium.
643 749 812 817 Vereamini,
836 770 944 817 censeo,
967 771 1003 810 ue
1030 754 1058 810 in
1082 750 1164 841 hoc}

184 826 291 882 scelere
313 833 373 882 tem
396 826 512 883 immuni
524 844 558 883 ac
577 826 700 885 nefando
713 828 795 886 nimis
813 830 919 907 aliquid
933 832 1057 889 serenus
1077 843 1134 890 stu·
1153 848 1155 859 ·

183 905 273 961 tuisse
286 903 445 962 videamini.
480 904 573 962 Multo
585 906 675 984 magis
689 915 735 964 est
747 908 912 975 verendum,
926 928 962 967 ne
976 910 1135 970 remissione
1151 906 1155 927 '

183 1002 279 1060 poenae
295 983 425 1040 crudeles
446 984 475 1040 in
489 982 617 1059 patriam,
631 1004 718 1062 quum
739 1005 775 1044 ne
789 988 938 1046 severitate
958 989 1133 1047 animadver-

60 1090 69 1099 Α
109 1100 115 1121 1
145 1080 160 1097 ¹¹
183 1061 268 1118 monis
288 1061 370 1136 ὼε
383 1063 566 1120 vehementes
581 1063 611 1121 in
623 1064 818 1123 acerbissimos
832 1066 929 1125 hostes
939 1068 1026 1126 luisse
1040 1067 1133 1126 videa·

182 1160 268 1199 mm..
1146 1151 1183 1206 10

111 1254 122 1283 a
222 1219 292 1276 VH.
336 1224 382 1278 14.
403 1218 463 1276 Sed
477 1237 519 1287 ea,
553 1238 600 1279 nce
614 1220 746 1289 exaudio,
760 1222 861 1281 Patres
874 1224 1033 1302 conscripti,
1053 1224 1133 1283 dissi-

37 1370 41 1379 ,
181 1298 291 1355 mulare
304 1317 360 1354 uon
375 1317 500 1375 possum
528 1239 679 1381 {ciunt—ur
692 1300 767 1369 euim
780 1320 873 1369 voces,
887 1321 953 1379 quie
967 1305 1134 1380 perveniunt

33 1372 103 1430 *tn-
118 1368 218 1433 celred
232 1395 316 1433 aures
330 1395 417 1445 meas,
432 1395 538 1444 eorum,
551 1377 600 1455 qui
614 1378 703 1436 vereri
716 1379 856 1446 videntur,
870 1390 904 1451 nt
924 1381 1044 1439 habeam
1063 1384 1133 1442 satis

181 1456 307 1532 praesidii
326 1456 364 1512 ad
387 1473 430 1522 ea,
453 1474 518 1532 quae
542 1475 594 1513 vos
617 1458 772 1515 statueritis
795 1459 931 1517 hodierno
954 1460 1008 1526 dic,
1032 1463 1132 1520 transi-

180 1535 288 1612 gnmda.
341 1534 444 1591 Omnia
469 1541 500 1591 et
525 1534 638 1612 provisa
651 1544 681 1594 et
705 1546 805 1613 perula
828 1546 858 1594 et
881 1540 1033 1596 constituta
1056 1550 1131 1609 sunt,
1144 1546 1181 1601 11

179 1613 283 1670 Patres
296 1612 457 1689 conscripti,
471 1632 560 1690 quum
581 1633 644 1671 mea
657 1633 770 1672 summa
783 1635 851 1674 cura
868 1626 956 1695 atque
977 1617 1130 1697 diligentia,

179 1699 242 1748 tum
256 1692 349 1756 multo
362 1691 449 1748 mmm
462 1693 570 1770 majore
584 1694 683 1770 populi
697 1694 816 1752 Romani
829 1694 867 1752 ad
880 1715 1022 1754 summum
1042 1699 1079 1755 im
1119 1730 1131 1742 ·

178 1770 252 1827 rium
273 1761 453 1827 retindndum
476 1772 565 1829 etad
589 1790 753 1830 communes
776 1774 904 1831 fortunas
925 1794 1078 1833 conservae
1138 1830 1142 1839 .

100 1850 334 1948 ffloluntate
377 1848 484 1906 Omnes
498 1850 601 1908 adsunt
611 1852 735 1910 omnium
750 1851 879 1910 ordinum
894 1853 1029 1919 homines,
1043 1855 1130 1912 omui-

177 1946 227 1985 um
254 1928 377 2004 denique
405 1935 541 1995 oetatum3
571 1929 687 2005 plenum
715 1938 760 1988 est
785 1930 887 1998 forum,
915 1931 1000 2007 plena
1024 1932 1179 2009 templa20

101 2068 110 2077 ,
177 2007 286 2064 circum
309 2006 412 2074 forum,
438 2006 514 2082 pleni
534 2026 631 2064 omnes
653 2009 747 2067 aditus
772 2010 858 2067 hu'us
882 2009 981 2087 templi
1009 2017 1039 2068 et
1065 2011 1128 2070 loci
1166 2070 1172 2079 ,

78 2074 95 2163 d
117 2062 274 2151 ‘Jffia‘usa
288 2093 332 2142 eet
353 2086 427 2142 enim
451 2092 517 2162 post
529 2086 629 2144 urbem
643 2087 786 2153 conditam
808 2030 872 2147 iraec
892 2089 1005 2146 inventa
1017 2088 1086 2156 sola,
1100 2090 1129 2149 iu
1186 2156 1191 2161 ,

177 2182 235 2241 qua
256 2182 356 2221 omnes
380 2164 515 2223 sentirent
536 2184 624 2222 uuum
648 2174 735 2242 atque
755 2166 831 2224 idem
858 2176 962 2245 preter
988 2186 1046 2241 eos,
1069 2169 1127 2245 qui,
1187 2188 1192 2195 ·

177 2262 267 2320 quum
281 2243 334 2300 sibi
355 2242 483 2300 viderent
496 2262 558 2301 esse
582 2245 767 2321 pereundum,
789 2265 854 2303 cnm
878 2246 1008 2303 omnibus
1033 2247 1127 2324 potius
1157 2244 1166 2263 ‘

177 2341 265 2399 quam
279 2322 331 2378 soli
345 2321 435 2398 perire
448 2320 615 2381 volueruntl
639 2331 684 2381 15.
701 2324 796 2383 Hosne
810 2343 865 2403 ego
878 2324 1005 2382 homines
1019 2325 1128 2404 excipio
1138 2332 1175 2388 25
1208 2358 1215 2391 ;

136 2392 161 2443 ²⁷«
175 2409 207 2471 et
230 2419 348 2469 secerno
369 2401 489 2459 libenter
509 2420 600 2478 neque
623 2401 652 2458 in
673 2402 865 2479 improborum
889 2403 1001 2470 civium,
1026 2402 1077 2461 sed
1098 2404 1128 2462 in

177 2479 423 2538 acerbissimorum
445 2480 569 2538 hostium
589 2499 707 2538 numero
732 2482 876 2540 habendes
900 2489 979 2559 puto.
1031 2483 1127 2543 Ceteri

175 2579 253 2626 vero,
270 2557 309 2615 dil
332 2558 521 2616 immortales!
540 2577 597 2635 qua
617 2559 782 2636 frequentia,
803 2580 861 2638 quo
884 2561 986 2629 studio,
1001 2580 1058 2639 qua
1072 2562 1125 2620 rir-
1177 2616 1181 2627 ‚

176 2645 238 2695 tute
263 2637 301 2694 ad
329 2656 507 2695 communem
530 2637 651 2695 salutem
677 2639 901 2717 dignitatemque
925 2641 1125 2698 consentiunt?
1178 2640 1184 2653 “

70 2706 251 2843 &uid
274 2735 330 2794 ego
354 2716 399 2774 hic
415 2716 524 2792 equites
546 2717 689 2775 Romanos
710 2719 951 2776 commemorem?
972 2719 1020 2795 qui
1044 2720 1125 2777 vobis
1136 2726 1174 2781 ³0

174 2790 377 2854 intumum
392 2795 498 2853 ordinis
512 2796 672 2872 consiliique
693 2796 861 2863 concedunt,
877 2805 909 2855 ut
929 2797 1074 2854 vobiscum
1088 2798 1124 2856 de

175 2893 271 2932 amore
293 2875 478 2951 reipublicae
503 2881 630 2943 certent;
657 2893 730 2952 quos
753 2893 788 2932 ex
811 2876 965 2932 multorum
987 2894 1125 2933 annornm

175 2954 347 3011 dissensione
367 2953 454 3031 hujus
469 2953 571 3011 ordinis
584 2954 621 3010 ad
641 2953 806 3011 societatem
828 2954 1060 3030 concordiamque
1081 2973 1123 3012 re·

175 3040 290 3091 vocatos
311 3032 466 3093 hodiernus
480 3033 540 3090 dies
553 3032 700 3090 vobiscum
713 3041 800 3109 atque
823 3033 886 3089 haec
907 3051 993 3089 cause
1007 3033 1123 3110 conjun-

74 3156 96 3177 β
112 3160 120 3169 .
174 3112 215 3188 git
226 3102 341 3188 ;(quam
355 3111 378 3168 si
397 3111 622 3188 conjunctionem
646 3111 674 3167 in
689 3112 836 3169 consulatu
850 3112 1041 3167 confirmatam
1059 3130 1123 3169 meo
1134 3123 1172 3177 ³5

83 3184 100 3235 ἐ’
119 3202 126 3219 ’
175 3194 341 3266 perpetuam
362 3190 391 3247 in
405 3207 436 3246 re
450 3190 564 3266 publica
575 3188 764 3255 tenuerimus)
773 3191 907 3247 confirmo
921 3190 1001 3247 vobis
1014 3191 1122 3248 nullum

17 3324 18 3343 q
76 3308 78 3311 .
131 3264 137 3270 ’
175 3270 293 3344 posthac
306 3269 415 3325 malum
430 3268 508 3329 civile
528 3286 562 3326 ac
576 3266 762 3326 domesticum
777 3268 813 3325 ad
838 3267 925 3325 ullam
945 3268 984 3325 rei
999 3269 1121 3345 publicae

175 3355 283 3423 partem
297 3365 360 3405 esse
375 3354 535 3405 venturum.
556 3347 622 3406 Peri
635 3348 730 3405 studio
745 3347 931 3405 defendendae
945 3348 984 3404 rei
998 3347 1120 3424 publices

176 3427 334 3484 convenisse
348 3426 434 3498 video
447 3426 574 3484 tribunos
589 3427 711 3493 aerarios,
725 3426 891 3483 fortissimos
904 3427 995 3493 viros;
1016 3426 1122 3485 scribas

176 3502 239 3562 item
252 3506 418 3581 uniuersos3
439 3523 511 3581 quos
531 3524 619 3582 quum
633 3524 700 3563 casu
714 3505 760 3562 hic
775 3504 835 3567 dies
856 3505 892 3562 ad
917 3506 1046 3562 aerarinm
1067 3506 1121 3564 ire·
1132 3513 1171 3568 40

175 3592 344 3658 quentusset,
360 3583 445 3641 video
465 3585 502 3641 ab
516 3585 725 3661 exspectatione
749 3584 831 3640 sortis
851 3583 889 3640 ad
912 3584 1031 3641 salutem
1045 3604 1121 3642 com·

175 3679 284 3720 munem
297 3683 361 3721 esse
376 3681 536 3721 conversos.
580 3670 624 3721 10.
648 3662 745 3723 omnis
759 3662 943 3740 ingenuorum
954 3663 1036 3729 adest
1048 3663 1122 3720 mul-

153 3800 158 3809 ,
176 3739 271 3809 titudo,
286 3743 376 3799 etiem
397 3740 633 3799 tenuissimorum.
674 3741 745 3810 eun
759 3750 803 3797 est
828 3740 910 3806 enim,
925 3740 970 3798 cui
990 3759 1046 3797 non
1059 3740 1122 3798 haec

153 3812 285 3898 'templa
308 3820 468 3898 adspectus
487 3819 573 3888 urbis,
598 3819 739 3899 possessio
762 3817 909 3887 libertatis,
933 3819 983 3877 lux
1001 3817 1123 3894 denique

381 4054 397 4083 u
441 4046 448 4054 '
492 4048 508 4059 ⁸

409 4076 458 4109 'lim
489 4112 496 4126 ⁶
