2742 4384
226 256 263 316 '16
694 275 799 315 cancro

275 425 360 482 quem
384 406 500 472 ducem;
531 424 619 481 quum
642 405 772 482 Ligarius
794 405 910 461 domum
930 413 1070 482 spectans,
1092 405 1130 463 ad
1153 425 1221 465 suos

275 485 365 541 redire
380 484 503 560 cupiens,
513 484 590 540 nullo
599 504 628 540 se
642 484 778 560 implicari
791 484 904 559 negotio
919 504 1020 560 passus
1031 492 1082 542 est.
1104 486 1221 542 Interim

276 563 309 619 P.
334 563 419 618 Atius
441 563 543 627 Varus
566 562 614 637 qui
638 570 743 638 praetor
764 563 890 618 Africam
918 564 1086 630 obtinuerat,
1105 565 1221 621 Uticam

276 641 367 697 venit:
389 641 425 697 ad
447 659 511 697 eum
526 641 619 696 statim
634 660 801 698 concursum
816 647 868 697 est.
909 642 1007 716 Atque
1027 641 1072 698 ille
1092 661 1147 699 nou
1161 661 1221 699 me·

249 720 364 780 5diocri
378 719 534 795 cupiditate
555 719 672 795 arripuit
694 720 849 794 imperium,
864 719 888 775 si
907 719 976 776 illud
997 721 1144 796 imperium
1159 740 1222 777 esse

278 799 378 874 potuit,
394 798 470 873 quod
491 797 528 854 ad
553 798 693 873 privatum
718 798 840 854 clamore
865 798 1051 855 multitudinis
1074 799 1221 875 imperitae,

277 876 354 933 nullo
369 876 481 952 publico
495 876 609 933 consilio
623 875 810 933 deferebatur.
852 881 879 932 4.
900 877 1002 951 Itaque
1022 877 1158 954 Ligarius
1172 877 1223 953 qui

278 974 360 1011 omne
375 955 430 1011 tale
443 955 588 1032 negotium
602 961 720 1031 cuperet
736 955 870 1030 effugere,
885 955 1002 1030 paulum
1016 955 1141 1013 adventu
1153 955 1224 1013 Vari

279 1033 442 1108 conquievit.

231 1119 268 1171 10
318 1112 357 1168 ΙΙ.
387 1111 502 1178 Adhuc,
529 1111 561 1168 O.
583 1110 688 1177 Oaesar,
715 1111 748 1179 Q.
773 1110 901 1189 Ligarius
923 1111 998 1167 omni
1022 1112 1107 1188 culpa
1128 1125 1222 1170 vacat.

279 1190 372 1246 Domo
385 1197 429 1247 est
449 1209 579 1267 egressus
592 1207 649 1245 non
662 1189 748 1246 modo
761 1190 869 1246 nullum
883 1190 920 1247 ad
941 1190 1055 1257 bellum,
1071 1191 1121 1247 sed
1134 1209 1169 1247 ne
1183 1190 1225 1248 ad

278 1268 421 1324 minimam
445 1268 559 1343 quidem
572 1268 758 1342 suspicionem
782 1268 863 1325 belli:
885 1268 996 1345 legatus
1018 1269 1045 1324 in
1066 1287 1136 1345 pace
1157 1288 1223 1345 pro·

279 1346 379 1413 fectus
395 1346 423 1402 in
446 1346 587 1422 provincia
608 1346 787 1420 pacatissima
808 1347 848 1403 ita
862 1365 894 1403 se
914 1347 1010 1424 gessit,
1025 1356 1057 1403 ut
1077 1347 1103 1403 ei
1123 1366 1225 1423 pacem

280 1443 341 1481 esse
365 1425 518 1500 expediret.
559 1423 702 1481 Profectio
725 1433 801 1482 certe
825 1425 948 1482 animum
966 1438 1048 1482 tuum
1063 1444 1118 1481 nou
1136 1425 1226 1483 debet

232 1510 268 1563 15
280 1503 439 1560 offendere:
461 1522 529 1559 uum
542 1503 627 1580 igitur
640 1504 800 1560 remansio?
842 1504 934 1561 Multo
948 1504 1058 1569 minus;
1078 1522 1143 1560 nam
1158 1524 1224 1580 pro·

279 1582 364 1639 fectio
378 1581 551 1638 voluntatem
565 1581 664 1638 habuit
674 1600 731 1639 nou
744 1589 865 1658 turpem,
880 1583 1017 1639 remansio
1029 1584 1226 1640 necessitatem

280 1660 364 1718 etiam
378 1660 533 1717 honestam.
574 1660 651 1736 Ergo
671 1660 733 1717 haec
754 1660 812 1717 duo
832 1668 961 1736 tempora
975 1668 1071 1719 carent
1091 1661 1224 1719 crimine:

280 1758 376 1812 unum,
392 1758 479 1814 quum
498 1745 541 1795 est
561 1738 672 1816 legatus
687 1739 847 1814 profectus;
868 1740 996 1807 alterum,
1011 1759 1099 1815 quum
1118 1740 1225 1817 effiagi-

280 1825 357 1875 tatus
371 1836 388 1873 a
402 1818 552 1894 provincia,
567 1818 737 1894 praepositus
751 1818 858 1875 Africae
872 1825 923 1875 est.
965 1827 992 1876 5.
1013 1818 1137 1875 Tertium
1151 1827 1225 1875 tem·

232 1902 269 1954 20
281 1917 334 1973 pus
349 1905 400 1962 est,
415 1916 471 1972 quo
486 1904 550 1974 post
568 1896 724 1953 adventum
737 1896 805 1953 Vari
818 1897 846 1953 in
859 1896 959 1954 Africa
972 1897 1089 1954 restitit:
1109 1896 1186 1974 qnod
1199 1897 1227 1954 si

280 1982 325 2032 est
335 1975 521 2042 criminosum,
535 1974 710 2031 necessitatis
725 1975 828 2032 crimen
842 1983 894 2041 est,
905 1995 961 2032 non
974 1975 1133 2032 voluntatis.
1174 1976 1227 2032 An

280 2054 334 2121 ille,
350 2055 374 2111 si
398 2054 536 2129 potuisset
558 2053 617 2109 ullo
640 2052 727 2110 modo
748 2054 875 2120 evadere,
890 2055 983 2111 Uticae
1006 2072 1092 2130 quam
1115 2054 1225 2121 Roma,

282 2151 346 2188 oum
376 2133 409 2188 P.
434 2132 503 2188 Atio
530 2149 617 2209 quam
647 2152 713 2189 cum
741 2133 962 2189 concordissimis
989 2133 1131 2199 fratribus,
1158 2151 1226 2190 cum

281 2211 375 2268 alienis
389 2228 450 2267 esse
464 2230 549 2286 quam
563 2230 627 2267 cum
643 2211 700 2267 suis
714 2210 880 2268 maluisset?
922 2212 1017 2279 Quum
1037 2211 1099 2286 ipsa
1119 2211 1227 2288 legatio

233 2294 269 2346 25
282 2291 365 2367 plena
379 2288 509 2347 desiderii
529 2308 562 2346 ac
577 2289 770 2346 sollicitudinis
783 2290 882 2347 fuisset
906 2298 1023 2367 propter
1036 2289 1227 2347 incredibilem

281 2369 423 2444 quendam
437 2370 556 2425 fratrum
570 2386 703 2434 amorem,
715 2368 760 2425 hic
775 2387 857 2444 aequo
871 2369 963 2425 animo
977 2387 1038 2425 esse
1053 2369 1146 2445 potuit
1159 2368 1228 2426 belli

282 2447 398 2504 discidio
422 2449 574 2507 distractus
594 2464 611 2501 a
631 2446 788 2503 fratribus?
831 2453 857 2503 6.
880 2447 997 2503 Nullum
1021 2446 1107 2523 igitur
1127 2447 1226 2514 habea,

283 2525 389 2591 Caesar,
411 2527 504 2585 adhuc
522 2526 550 2582 in
564 2525 598 2593 Q.
614 2524 726 2601 Ligario
741 2525 851 2602 signum
871 2526 969 2582 alienae
984 2543 1002 2580 a
1021 2532 1050 2581 te
1065 2525 1226 2582 voluntatis.

283 2601 374 2677 Cujus
387 2621 441 2681 ego
451 2622 575 2669 causam,
590 2603 789 2670 animadverte,
805 2622 909 2678 quaeso,
919 2622 975 2678 qua
988 2603 1045 2659 fide
1061 2603 1226 2661 defendam:

232 2684 271 2736 30
283 2681 373 2757 prodo
394 2701 494 2739 meam.
537 2681 561 2737 Ο
585 2681 760 2738 clementiam
781 2682 974 2738 admirabilem
996 2689 1081 2758 atque
1102 2682 1228 2738 omnium

282 2759 376 2826 laude,
404 2760 609 2836 praedicatione,
638 2759 724 2816 literis
751 2759 994 2837 monumentisque
1022 2760 1227 2817 decorandam!

283 2838 321 2894 M.
333 2838 431 2894 Cicero
445 2837 522 2914 apud
537 2845 566 2895 te
580 2838 705 2894 defendit
718 2838 803 2894 alium
814 2838 841 2894 in
856 2857 889 2896 ea
902 2838 1048 2895 voluntate
1061 2857 1118 2895 non
1130 2838 1227 2905 fuisse,

282 2916 310 2973 in
324 2934 380 2992 qua
394 2935 424 2972 se
448 2917 541 2992 ipsum
555 2916 703 2974 confitetur
726 2917 820 2984 fuisse,
842 2935 893 2973 nec
913 2925 977 2974 tuas
997 2917 1098 2973 tacitas
1119 2917 1226 2993 cogita·

282 2994 372 3052 tiones
396 2994 551 3051 extimescit
573 3013 634 3061 nec,
649 2995 718 3071 quid
739 2996 790 3053 tibi
809 2995 845 3052 de
865 2995 920 3053 alio
933 2995 1057 3052 audienti
1071 2995 1107 3051 de
1120 3013 1151 3051 se
1164 2995 1228 3070 ipso

234 3078 272 3129 35
283 3080 419 3138 occurrat,
434 3072 604 3130 reformidat.

221 3161 224 3171 ’
323 3152 378 3208 ΙΙΙ.
400 3151 482 3218 Vide,
499 3170 583 3228 quam
596 3171 653 3208 non
672 3152 868 3209 reformidem!
888 3152 961 3218 vide,
976 3158 1081 3228 quanta
1094 3151 1144 3207 lux
1157 3150 1226 3207 libe·

282 3228 400 3287 rahtatis
421 3237 450 3288 et
471 3230 615 3306 sapientiae
635 3237 694 3287 tuae
707 3231 774 3287 mihi
795 3231 873 3307 apud
897 3240 926 3288 te
940 3230 1043 3287 dicenti
1066 3229 1227 3287 oboriatur!

284 3308 428 3375 Quantum
442 3317 550 3386 potero,
562 3326 631 3365 voce
645 3309 821 3375 contendam,
833 3317 866 3366 ut
879 3309 933 3366 hoc
948 3308 1071 3384 populus
1081 3308 1228 3364 Romanus

283 3386 424 3445 exaudiat.
466 3388 492 3444 t.
515 3385 655 3461 Suscepto
676 3386 759 3452 belle,
776 3387 882 3454 Oaesar,
902 3394 983 3464 gesto
998 3386 1082 3443 etiam
1096 3405 1131 3442 ex
1146 3392 1228 3463 parte

234 3470 272 3524 40
283 3462 395 3540 magna,
410 3463 527 3522 nullavi
551 3472 675 3529 coactus,
698 3464 803 3540 judicio
824 3484 857 3522 ac
871 3466 1015 3522 voluntate
1035 3463 1073 3520 ad
1097 3482 1131 3521 ea
1149 3481 1229 3520 arma

284 3543 427 3632 profectus
441 3561 511 3607 sum,
526 3560 590 3616 quae
603 3548 683 3597 erant
707 3551 820 3618 sumpta
834 3550 932 3600 contra
952 3550 989 3601 te.
1029 3542 1121 3618 Apud
1141 3561 1229 3618 quem

283 3620 369 3697 1gitur
382 3621 436 3678 hoc
451 3620 537 3677 dico?
579 3620 691 3694 Nempe
704 3621 783 3696 apud
803 3641 876 3688 eum,
892 3621 948 3697 qui,
963 3640 1051 3697 quum
1065 3622 1119 3677 hoc
1133 3621 1227 3686 sciret,

282 3705 378 3756 tamen
391 3717 444 3765 me,
460 3704 610 3773 antequam
624 3697 701 3764 vidit,
717 3699 756 3755 rei
776 3700 897 3775 publicae
907 3700 1046 3757 reddidit:
1068 3699 1116 3774 qui
1129 3698 1166 3755 ad
1180 3717 1228 3755 me

284 3795 319 3835 ex
332 3777 465 3855 AEgypto
478 3776 573 3833 literas
593 3775 676 3843 misit,
691 3782 725 3833 ut
747 3796 839 3835 essem
858 3778 943 3846 idem,
958 3780 1006 3857 qui
1025 3778 1159 3836 fuissem:
1181 3776 1231 3853 qui
