2742 4384
204 252 243 311 04
614 298 620 306 ,
669 263 777 305 onemo

249 413 333 452 nemo
346 395 399 452 nisi
418 400 552 450 armatus.
593 393 632 450 Et
649 409 736 469 'quem
750 412 801 451 nos
822 393 909 461 liberi,
924 393 952 450 in
966 413 1079 452 summa
1098 395 1205 472 populi

249 474 370 530 Romani
393 474 523 530 libertate
537 472 603 538 nati,
619 491 676 528 nou
690 472 776 529 modo
789 492 845 529 non
866 481 1019 548 tyrannum
1039 473 1090 531 sed
1111 476 1202 532 etiam

249 552 498 609 clementissimum
519 551 546 607 in
560 550 676 607 victoria
696 551 835 618 ducimus,
850 552 873 608 is
895 552 1045 612 Blesamio.
1066 553 1114 622 qui
1128 554 1202 610 vivit

248 631 276 687 in
300 649 396 707 regno,
421 637 558 707 tyrannus
581 629 669 686 videri
694 630 811 706 potest?
852 631 928 687 Nam
953 631 990 688 dc
1013 623 1108 688 statua
1131 633 1199 707 quis

221 710 444 784 oqueritununa
458 707 625 784 praesertim,
641 727 730 784 quum
748 715 809 765 tam
822 709 928 765 multas
942 710 1059 767 videat?
1100 710 1198 768 Valde

248 788 322 844 enim
334 787 517 844 invidendum
531 793 575 843 est
596 786 657 863 ejus
678 788 787 854 statuis,
803 788 885 864 cujus
908 789 1026 865 tropaeis
1049 807 1105 845 non
1124 790 1197 846 invi-

248 866 349 923 dimus.
383 866 458 922 Nam
473 866 495 922 si
509 865 588 922 locus
602 864 684 921 affert
697 864 838 933 invidiam,
850 867 945 923 nullus
958 873 1003 925 est
1017 867 1054 923 ad
1068 874 1198 925 statuam

247 944 362 1020 quidem
385 944 495 1002 Rostris
518 943 626 1001 clarior.
669 942 714 1000 De
738 945 842 1020 plausu
864 952 961 1002 autem
985 945 1053 1021 quid
1077 964 1197 1023 respon-

247 1023 355 1080 deam?
376 1023 425 1100 qui
448 1042 501 1080 nec
522 1021 699 1079 desideratus
719 1041 877 1099 unquama
899 1030 928 1080 te
948 1030 1000 1090 est,
1015 1031 1046 1081 et
1065 1043 1196 1082 nonnun-

201 1106 238 1160 10
246 1121 341 1177 quam,
353 1101 557 1178 obstupefactis
567 1100 736 1167 hominibus,
745 1100 809 1178 ipsa
817 1101 1001 1159 admiratione
1011 1121 1195 1179 compressus

246 1190 298 1247 est,
310 1189 339 1238 et
348 1182 468 1237 fortasse
478 1198 512 1237 eo
523 1179 740 1257 praetermissus,
749 1180 816 1256 quia
825 1179 894 1237 nihil
904 1181 1022 1258 vulgare
1032 1188 1062 1238 te
1072 1182 1195 1259 dignum

245 1260 333 1317 videri
368 1265 449 1316 otest.

284 1279 368 1395 xlii.
401 1344 447 1396 35.
469 1336 547 1393 Nihil
560 1354 634 1394 ame
644 1335 764 1393 arbitror
777 1337 1009 1413 praetermissum,
1020 1337 1072 1394 sed
1085 1338 1193 1414 aliquid

245 1415 283 1472 od
297 1422 451 1472 extremam
466 1433 560 1472 causae
575 1421 686 1491 partem
700 1422 882 1472 reservatum.
924 1415 960 1472 Id
974 1423 1070 1473 autem
1084 1418 1192 1494 aliquid

199 1497 297 1560 locst,
319 1501 348 1550 te
362 1501 395 1550 ut
409 1495 492 1569 plane
513 1493 647 1550 Deiotaro
661 1493 822 1550 reconciliet
841 1494 930 1551 oratio
943 1513 1023 1551 mea:
1045 1514 1101 1552 non
1115 1496 1192 1553 enim

243 1572 304 1646 jam
318 1577 424 1637 metuo,
439 1590 474 1627 ne
488 1572 527 1628 illi
540 1578 573 1628 tu
586 1590 770 1639 succenseam
790 1572 860 1629 illud
874 1592 980 1639 vereor,
994 1591 1030 1630 ne
1047 1574 1191 1639 tibiillum

245 1668 410 1708 succensere
425 1649 530 1727 aliquid
544 1651 695 1726 suspicere.
738 1651 822 1719 Quod
836 1652 917 1708 abest
937 1652 1107 1729 longissime,
1121 1653 1191 1710 mihi

245 1729 337 1795 crede,
350 1728 464 1785 Caesar:
486 1728 555 1805 quid
569 1729 642 1786 onim
656 1729 775 1786 retineat
789 1748 840 1806 per
853 1736 890 1797 te,
905 1730 1039 1797 meminit,
1051 1750 1107 1788 non
1120 1732 1190 1808 qnid

245 1806 384 1873 amiserit;
405 1826 497 1882 neque
520 1825 552 1865 se
571 1826 589 1864 a
613 1814 642 1864 te
661 1808 815 1865 multatum
835 1809 1003 1876 arbitratur3
1024 1809 1075 1866 sed
1099 1829 1190 1885 quum

199 1889 236 1942 20
245 1887 418 1945 existimares
438 1886 534 1943 multis
558 1886 608 1944 tibi
631 1886 723 1943 multa
746 1904 808 1943 esse
827 1887 986 1954 tribuenda,
1002 1888 1151 1963 quominus
1172 1908 1191 1946 a

245 1984 284 2033 se,
305 1965 354 2041 qui
377 1963 405 2020 in
424 1965 514 2021 altera
537 1972 618 2040 parte
638 1965 746 2031 fuisset,
761 1983 795 2021 ea
814 1984 949 2033 sumeres,
964 1985 1020 2022 non
1040 1968 1188 2025 recusavit.

246 2051 293 2102 36.
314 2043 426 2100 Etenim
447 2043 470 2100 si
493 2043 653 2100 Antiochus
676 2061 800 2120 magnus
819 2044 874 2111 ille,
895 2063 946 2101 rex
965 2045 1054 2111 Asiae,
1077 2054 1189 2122 postea·

246 2140 363 2199 quama
386 2121 418 2178 L.
434 2121 564 2198 Scipione
585 2121 713 2178 devictus
736 2122 828 2180 Tauro
848 2130 931 2180 tenus
951 2141 1071 2200 regnare
1091 2125 1189 2201 jussus

246 2207 321 2258 esset
344 2219 514 2276 omnemque
537 2201 610 2257 hanc
630 2199 739 2266 Asiam,
761 2208 892 2277 quaeest
914 2220 990 2258 nuno
1003 2210 1100 2259 nostra
1124 2222 1189 2279 pro·

199 2283 235 2337 25
245 2280 344 2346 vincia,
359 2279 506 2346 amisisset,
521 2278 614 2336 dicere
634 2285 678 2335 est
698 2279 805 2346 solitus,
827 2280 949 2357 benigne
969 2280 1022 2337 sibi
1041 2300 1059 2336 a
1083 2281 1190 2358 populo

245 2359 374 2416 Romano
388 2376 451 2415 esse
464 2357 580 2425 factum,
595 2356 673 2433 quod
693 2357 775 2414 nimis
788 2376 894 2436 magna
912 2359 1107 2434 procuratione
1121 2360 1190 2417 libe·

245 2446 324 2494 ratus
338 2437 455 2494 modicis
469 2436 550 2514 regni
569 2435 696 2493 terminis
709 2443 845 2504 uteretur,
860 2443 956 2513 potest
975 2438 1066 2495 multo
1079 2438 1190 2495 facilius

246 2534 277 2571 se
291 2515 441 2572 Deiotarus
457 2514 602 2571 consolari.
623 2514 676 2571 Ille
691 2514 765 2571 enim
778 2515 879 2573 furoris
892 2515 1013 2573 multam
1027 2516 1189 2583 sustulerat,

246 2592 292 2649 hic
305 2593 414 2651 erroris.
456 2592 558 2651 Omnia
577 2601 611 2650 tu
631 2590 774 2659 Deiotaro,
790 2593 897 2661 Caesar,
912 2594 1043 2661 tribuisti,
1058 2614 1147 2671 quum
1161 2602 1191 2651 et

199 2676 238 2729 30
246 2670 300 2747 ipsi
313 2676 343 2726 et
356 2671 412 2729 filio
425 2690 529 2728 nomen
542 2671 652 2749 regium
666 2671 835 2729 concessisti.
877 2672 941 2730 Hoc
954 2673 1067 2730 nomine
1080 2680 1191 2730 retento

246 2758 332 2825 atquo
356 2757 468 2807 servato
487 2749 597 2807 nullum
620 2750 788 2808 beneficium
808 2751 907 2827 populi
929 2752 1059 2819 Romani,
1080 2752 1191 2808 nullum

244 2826 383 2905 judicium
398 2827 435 2885 de
448 2847 478 2885 se
492 2834 607 2886 senatus
620 2828 800 2885 imminutum
814 2836 914 2905 putat;
935 2849 1042 2908 magno
1055 2830 1148 2887 animo
1162 2837 1193 2886 et

246 2913 342 2963 erecto
365 2913 417 2974 est,
441 2925 643 2982 necunquam
666 2908 834 2965 succumbet
856 2907 981 2976 inimicis,
1005 2927 1041 2967 ne
1067 2908 1190 2975 fortunae

246 2984 370 3061 quidem.
412 2984 458 3042 at.
480 2984 573 3041 Multa
583 3004 613 3042 se
627 2986 780 3043 arbitratur
793 2993 823 3043 et
836 2988 979 3063 peperisse
992 2994 1058 3044 ante
1071 2987 1152 3050 factis
1163 2994 1194 3043 et

199 3071 237 3123 35
247 3063 352 3121 habere
365 3063 395 3120 in
407 3063 500 3120 animo
514 3070 600 3140 atque
613 3065 725 3132 virtute
739 3083 805 3141 quae
820 3065 898 3122 nullo
908 3066 994 3123 modo
1007 3066 1097 3142 possit
1111 3066 1192 3122 omit-

247 3149 316 3200 tere.
355 3142 427 3210 Quae
442 3143 516 3200 enim
529 3143 643 3199 fortuna
655 3150 706 3200 aut
720 3143 782 3219 quis
797 3162 879 3201 casus
893 3152 944 3201 aut
957 3164 1022 3221 quae
1034 3151 1113 3200 tanta
1127 3162 1193 3220 pos·

248 3219 285 3277 sit
297 3220 398 3297 injuria
408 3222 533 3279 omnium
541 3221 744 3298 imperatorum
754 3223 791 3280 (18
805 3222 939 3280 Deiotaro
950 3223 1064 3280 decreta
1077 3222 1192 3280 delere?

248 3299 286 3356 ab
298 3299 428 3357 omnibus
442 3308 486 3358 est
499 3300 573 3357 enim
586 3300 619 3356 iis
633 3307 758 3369 ornatus,
773 3301 830 3377 qui,
845 3308 1031 3378 posteaquam
1052 3301 1080 3357 in
1095 3300 1195 3357 castris

248 3396 310 3435 esse
324 3378 417 3454 potuit
430 3397 482 3456 per
495 3386 619 3445 aetatm,
634 3378 663 3436 in
676 3379 755 3447 Asia,
768 3379 959 3457 Cappadocia,
970 3379 1072 3446 Ponto,
1088 3378 1193 3445 Cilicia,

201 3463 239 3516 40
249 3455 332 3532 Syria
351 3457 426 3515 bolla
446 3464 603 3535 gesserunt.
648 3457 771 3515 Senatus
791 3476 858 3515 vero
879 3457 986 3534 judicia
1006 3457 1043 3514 de
1066 3457 1114 3514 illo
1134 3464 1194 3513 tam

248 3534 340 3593 multa
349 3542 466 3612 tamque
478 3535 639 3603 honorifica,
651 3554 717 3611 quae
732 3536 852 3613 publicis
862 3536 961 3613 populi
974 3536 1095 3592 Romani
1108 3535 1196 3593 literis

248 3614 494 3690 monumentisque
525 3614 690 3691 consignata
716 3622 791 3681 sunt,
822 3634 887 3690 quae
915 3633 1041 3690 unquam
1067 3620 1197 3670 vetustas

249 3693 351 3751 obruet
370 3701 421 3750 aut
444 3711 509 3769 quae
533 3698 614 3751 tanta
637 3692 743 3750 delebit
766 3693 893 3750 oblivio?
934 3692 1010 3762 Quid
1034 3692 1071 3749 de
1091 3692 1197 3750 virtuto

249 3772 313 3852 ojus
333 3769 448 3830 dicam?
477 3770 514 3830 de
533 3769 729 3850 magnitudine
743 3771 836 3839 animi,
850 3770 1000 3848 gravitate,
1015 3770 1197 3829 constantia?
