2742 4384
180 335 237 391 134
653 351 760 389 enarro
803 392 805 395 ,

230 480 310 537 minit
336 486 429 546 etram,
452 498 551 537 vocem
578 479 631 536 sihi
658 480 798 557 praeconis
825 479 910 536 modo
937 478 1070 546 defuisse,
1092 499 1178 557 quam

230 559 343 615 minime
375 557 549 625 desiderarit,
579 558 677 636 populi
701 578 768 617 vero
792 559 900 616 cunctis
926 558 1076 635 suffragiis,
1101 561 1198 636 quod·

230 656 319 694 unum
340 637 467 713 cupierit,
483 656 513 694 sc
528 638 673 695 consulem
694 638 886 705 declaratum;
907 655 982 694 nuno
1004 637 1132 714 denique,
1154 639 1178 696 si

230 716 292 773 haec
313 711 411 772 contra
431 735 462 773 se
482 717 538 773 sint
557 716 662 782 futura,
678 717 731 774 sibi
754 716 884 774 facinoris
903 715 1100 792 suspicionem,
1120 736 1178 774 non

199 794 298 854 tfacti
321 794 427 851 crimen
447 796 569 853 obstare.
610 795 704 853 Addit
727 796 799 863 haec,
824 814 890 871 quae
915 802 991 852 certe
1011 813 1079 852 vera
1101 803 1175 863 sunt,

230 874 318 934 toras
332 880 362 930 et
375 874 515 951 sapientes
529 874 604 931 viros
617 892 674 931 non
692 880 752 932 tam
766 873 884 951 praemia
897 873 978 950 sequi
997 874 1087 931 solere
1100 885 1177 932 recte

229 952 369 1020 factorum
389 971 476 1029 quam
496 954 559 1031 ipsa
572 960 649 1010 recte
663 953 756 1020 facta;
777 972 808 1010 se
822 952 889 1009 nihil
909 952 937 1009 in
957 953 1016 1008 vita
1029 953 1080 1010 nisi
1101 973 1174 1030 prae·

230 1022 382 1088 clarissime
412 1031 520 1100 fecisse,
549 1030 573 1089 si
599 1031 713 1107 quidem
741 1032 808 1089 nihil
833 1031 870 1088 sit
895 1031 1084 1108 praestabilius
1107 1032 1175 1098 viro,

230 1129 316 1186 qnam
331 1110 461 1186 pericuhs
476 1111 597 1188 patriam
610 1110 746 1176 liberare;
767 1112 866 1168 beatos
880 1128 951 1175 esse,
967 1110 1069 1187 quibus
1082 1129 1117 1167 ea
1130 1130 1176 1167 res

180 1194 217 1246 10
230 1188 330 1245 honori
352 1189 438 1246 fuerit
460 1208 477 1245 a
497 1189 554 1246 suis
575 1189 692 1256 civibus,
724 1189 769 1246 97.
791 1208 843 1246 nec
863 1197 960 1245 tamen
980 1207 1029 1246 eos
1048 1188 1174 1255 miseros,

230 1267 279 1343 qui
302 1267 437 1325 beneficio
461 1268 535 1325 cives
559 1286 625 1324 suos
646 1268 779 1346 vicerint;
800 1268 851 1326 sed
874 1275 970 1325 tamen
990 1286 1025 1324 ex
1045 1267 1175 1325 omnibus

230 1345 354 1423 praemiis
369 1346 487 1413 virtutis,
503 1347 527 1402 si
539 1353 615 1403 esset
628 1346 760 1403 habenda
772 1347 844 1403 ratio
858 1347 1046 1424 praemiorum,
1060 1347 1174 1423 amplis-

230 1423 333 1481 simum
347 1443 410 1482 esse
430 1425 579 1502 praemium
599 1425 738 1502 gloriam;
759 1443 821 1482 esse
835 1426 907 1482 hanc
921 1444 1015 1491 unam,
1031 1445 1096 1501 quae
1112 1425 1173 1482 bre-

230 1503 347 1560 vitatem
361 1503 428 1561 vitae
450 1504 621 1580 posteritatis
635 1504 770 1560 memoria
783 1504 983 1571 consolaretur,
998 1523 1063 1580 quae
1083 1504 1174 1561 effice·

180 1589 216 1642 15
230 1589 281 1648 ret,
291 1590 325 1639 ut
338 1583 469 1640 absentes
480 1583 652 1648 adessemus
664 1582 768 1639 mortui
780 1583 953 1649 viveremus3
973 1583 1045 1640 hanc
1055 1582 1174 1658 denique

230 1679 301 1727 esse,
316 1660 398 1738 cujus
422 1661 560 1739 gradibus
583 1661 667 1718 etiam
691 1661 720 1718 in
743 1661 849 1718 coelum
872 1661 999 1719 homines
1011 1661 1174 1718 viderentur

230 1740 390 1797 ascendere.
424 1746 469 1798 98.
494 1740 564 1797 “De
577 1759 631 1806 me,
646 1739 744 1816 inquit,
756 1759 869 1818 semper
882 1741 1006 1817 populus
1019 1741 1172 1805 Romanus,

230 1836 343 1896 semper
356 1837 455 1876 omnes
472 1825 573 1896 gentes
587 1817 746 1895 loquentur,
760 1818 838 1876 nulla
852 1837 978 1895 unquam
998 1820 1169 1877 obmutescet¹

230 1904 365 1954 vetustas.
407 1898 482 1965 Quin
505 1898 559 1954 hoc
583 1905 713 1974 tempore
737 1897 808 1974 ipso,
833 1917 922 1974 quum
944 1916 1041 1954 omnes
1064 1915 1081 1953 a
1104 1897 1174 1953 meis

179 1983 217 2034 20
230 1976 346 2033 inimicis
370 1976 447 2034 faces
471 1976 583 2033 invidiae
607 1994 679 2033 meae
705 1976 897 2052 subjiciantur,
921 1983 1017 2033 tamen
1044 1976 1119 2033 omni
1146 1976 1173 2032 in

230 2055 375 2112 hominum
389 2062 469 2112 coetu
487 2055 587 2132 gratiis
601 2055 719 2132 agendis
733 2061 762 2112 et
781 2055 1017 2131 gratulationibus
1036 2054 1175 2111 habendis

230 2140 260 2190 et
283 2134 358 2191 omni
379 2151 508 2190 sermone
532 2134 715 2191 celebramur.
767 2133 875 2191 Omitto
893 2132 1014 2190 Etruriae
1033 2132 1121 2189 festos
1145 2142 1175 2189 et

230 2217 308 2269 actos
322 2218 352 2268 et
375 2212 517 2270 institutos
531 2212 609 2279 dics;
630 2212 783 2269 centesima
796 2213 845 2269 lux
863 2218 907 2268 est
926 2212 991 2270 haec
1005 2211 1042 2269 ab
1060 2212 1172 2268 interitu

230 2290 263 2347 P.
281 2290 372 2348 Clodii
386 2298 424 2357 et,
439 2291 546 2368 opinor,
568 2291 673 2357 altera;
694 2309 752 2366 qua
774 2291 844 2348 fines
863 2291 971 2367 imperii
995 2289 1093 2368 populi
1117 2291 1174 2346 Ro-

179 2375 216 2430 25
229 2369 304 2426 mani
318 2376 392 2436 sunt,
407 2389 441 2428 ea
455 2388 510 2427 non
525 2370 616 2427 solum
626 2369 703 2425 fama
714 2369 775 2446 jam
786 2369 821 2426 de
834 2369 890 2436 illo,
905 2370 956 2427 sed
976 2370 1061 2427 etiam
1075 2368 1175 2426 laetitia

230 2449 400 2526 peragravit.
442 2449 641 2516 Quamobrem,
662 2449 713 2506 ubi
734 2467 837 2524 corpus
860 2449 915 2505 hoc
935 2448 980 2516 sit,
994 2466 1059 2515 non,
1074 2448 1172 2525 inquit,

229 2525 335 2592 labora,
348 2527 480 2603 quoniam
490 2526 620 2583 omnibus
630 2527 659 2583 in
672 2527 754 2584 terris
768 2534 798 2584 et
808 2527 868 2604 jam
878 2535 1007 2584 versatur
1020 2534 1050 2584 st
1062 2545 1175 2603 semper
1258 2530 1264 2544 ‘

130 2620 144 2643 ·
230 2604 369 2661 habitabit
382 2605 499 2661 nominis
513 2605 568 2662 mei
582 2603 700 2682 g'loria.”

269 2683 403 2739 XXXVI.
454 2689 499 2740 99.
530 2683 604 2741 Haeo
625 2690 658 2740 tu
679 2703 793 2741 mecum
816 2702 903 2760 saepe,
927 2683 972 2741 his
993 2683 1173 2750 absentibus;

179 2766 217 2818 30
230 2761 281 2817 sed
300 2761 399 2817 iisdem
419 2761 597 2819 audientibus
617 2761 681 2819 haec
703 2781 758 2840 ego
778 2770 881 2831 tecum,
896 2763 981 2820 Milo:
1002 2769 1031 2820 te
1049 2761 1172 2839 quidem,

230 2859 319 2916 quum
338 2839 392 2896 isto
412 2840 505 2897 animo
525 2859 564 2906 es,
586 2839 654 2897 satis
675 2840 791 2898 laudare
811 2859 867 2898 non
889 2860 1021 2918 possum;
1042 2841 1101 2907 sed,
1117 2859 1174 2915 quo

230 2925 274 2974 est
287 2918 341 2975 ista
354 2918 445 2995 magis
458 2918 552 2975 divina
565 2918 662 2986 virtus,
682 2937 716 2976 eo
729 2920 836 2996 majore
850 2939 867 2975 a
881 2927 910 2976 te
930 2920 1027 2977 dolore
1047 2919 1172 2976 divellor.

231 2996 292 3053 Nec
305 3015 381 3064 vero,
398 2998 421 3053 si
434 2997 503 3054 mihi
516 2997 639 3074 eriperis,
653 2997 761 3074 reliqua
775 3004 819 3054 est
840 2998 888 3055 illa
907 3006 1004 3054 tamen
1017 2998 1054 3054 ad
1075 3016 1172 3054 conso·

229 3073 346 3132 landum
373 3075 495 3152 querela,
524 3084 558 3133 ut
584 3077 628 3133 his
641 3076 722 3133 irasci
748 3076 863 3153 possim,
891 3095 909 3132 a
935 3077 1038 3152 quihus
1062 3083 1174 3132 tantum

179 3161 216 3213 ³5
230 3154 332 3210 vulnus
353 3173 496 3230 accepero.
538 3154 604 3212 Non
617 3155 690 3212 enim
712 3154 813 3211 inimici
836 3155 892 3213 mei
914 3161 943 3211 te
965 3154 1033 3211 mihi
1046 3154 1173 3230 eripient,

231 3232 281 3288 sed
299 3233 465 3300 amicissimi,
484 3251 541 3290 non
553 3234 627 3290 male
641 3232 792 3309 aliquando
806 3233 842 3290 de
856 3252 901 3291 me
914 3233 1014 3300 meriti,
1029 3233 1080 3290 scd
1100 3251 1173 3289 sem·

231 3328 282 3400 per
295 3312 409 3387 optime.
439 3312 557 3369 Nullum
568 3311 635 3368 mihi
649 3329 782 3387 unquam,
792 3311 911 3387 judices,
922 3319 1034 3368 tantum
1047 3310 1174 3368 dolorem

230 3389 344 3446 muratis
360 3387 425 3468 (etsi
433 3390 500 3466 'quis
514 3397 683 3466 potestesse
697 3398 793 3446 tantus
804 3390 840 3468 il),
855 3391 955 3448 sedne
969 3390 1045 3447 hunc
1058 3390 1174 3466 quidem

230 3467 331 3542 ipsum,
347 3476 379 3524 ut
399 3469 553 3535 obhviscar,
569 3469 668 3544 quanti
691 3487 736 3525 me
755 3487 867 3544 semper
886 3469 1015 3526 feceritis.
1057 3469 1129 3538 Quae
1151 3466 1174 3524 si

179 3550 217 3602 40
230 3563 281 3602 vos
295 3546 370 3621 cepit
383 3546 493 3613 oblivio,
508 3554 558 3603 aut
571 3547 594 3603 si
607 3546 635 3603 in
648 3566 695 3604 me
709 3547 813 3623 aliquid
828 3547 991 3615 offendistis,
1006 3566 1057 3604 cur
1069 3565 1126 3604 non
1144 3546 1174 3604 id

230 3642 293 3680 meo
314 3625 406 3701 capite
427 3625 520 3700 potius
538 3625 625 3681 luitur
647 3643 734 3701 quam
757 3625 891 3682 Milonis?
936 3626 1079 3683 Praeclare
1100 3625 1174 3682 enim

229 3702 332 3769 vixero,
347 3702 451 3779 siquid
471 3703 539 3760 mihi
553 3704 685 3761 acciderit
702 3703 788 3779 prius,
803 3722 889 3780 quam
904 3704 958 3761 hoc
975 3711 1088 3761 tantum
1107 3703 1175 3760 mali

229 3781 333 3839 videro.
377 3788 441 3839 100.
464 3782 548 3840 Nunc
562 3800 607 3839 me
622 3801 678 3840 una
692 3782 845 3840 consolatio
858 3789 1007 3850 sustentat,
1021 3784 1099 3859 quod
1113 3782 1173 3848 tibi,

230 3859 261 3919 Τ.
273 3859 358 3928 Anni,
373 3861 481 3919 nullum
495 3880 513 3917 a
525 3879 571 3919 me
585 3862 697 3928 amoris,
711 3861 821 3918 nullum
834 3860 928 3928 studii,
943 3862 1052 3919 nullum
1062 3861 1175 3939 pietatis
