2742 4384
201 231 258 286 110
670 245 777 285 onarro

250 380 295 432 11.
316 373 379 431 Etsi
398 373 593 451 persapienter
612 380 641 430 et
665 373 877 450 quodammodo
896 372 982 430 tacite
995 371 1047 430 dat
1069 372 1132 449 ipsa
1151 372 1201 431 lex

247 459 419 530 potestatem
432 452 610 519 defendendi,
626 471 692 528 quae
713 470 769 509 non
790 451 935 508 hominem
952 450 1049 518 occidi,
1064 451 1114 508 sed
1134 470 1200 510 esse

248 550 314 590 oum
333 531 392 588 telo
415 531 535 588 hominis
555 530 702 588 occidendi
721 548 808 587 causa
821 537 907 596 vetat,
929 536 970 596 nt,
992 549 1081 606 quum
1101 548 1198 597 causa,

248 628 304 667 non
317 609 407 667 telum
421 615 603 685 quaereretur,
619 609 667 685 qui
691 609 734 665 sui
755 608 925 666 defendendi
938 626 1024 666 causa
1044 608 1102 665 telo
1121 615 1201 666 esset

217 698 235 749 δ
248 707 325 755 usus,
340 706 397 745 non
407 687 526 744 hominis
541 687 687 744 occidendi
706 705 792 744 causa
805 686 938 743 habuisse
951 686 1039 743 telum
1057 685 1198 763 judicare·

248 776 303 824 tur.
346 767 528 842 Quapropter
540 766 595 822 hoc
609 772 723 822 maneat
746 764 775 821 in
788 783 882 831 causa,
901 764 1029 841 judices;
1053 764 1199 822 nonenim

249 844 357 911 dubito,
372 844 439 920 quin
453 846 623 920 probaturus
644 844 697 900 sim
711 844 790 901 vobis
810 843 1000 900 defensionem
1015 861 1115 910 meam,
1130 843 1153 900 si
1166 842 1199 900 id

248 923 435 989 memineritis
451 922 528 999 quod
549 921 673 979 oblivisci
691 940 747 979 non
768 922 894 999 potestis,
908 921 1099 980 insidiatorem
1107 918 1198 980 inter·

249 1001 294 1059 fici
310 1002 369 1058 'ure
423 1020 476 1059 sse.

199 1088 236 1142 10
289 1023 325 1138 li
369 1020 422 1137 llil)
436 1079 570 1156 Sequitur
582 1078 660 1145 illud,
670 1078 747 1154 quod
762 1097 779 1134 a
793 1078 904 1145 Milonis
917 1078 1033 1136 inimicis
1042 1078 1199 1155 saepissime

250 1157 360 1225 dicitur,
384 1159 503 1226 caedem,
528 1158 556 1214 in
579 1176 636 1234 qua
658 1159 692 1215 Ρ.
719 1157 835 1214 Clodius
857 1157 965 1214 occisus
988 1165 1041 1222 est,
1065 1166 1198 1214 senatum

247 1236 398 1313 judicasse,
420 1244 517 1294 contra
540 1255 600 1293 rem
624 1236 767 1312 publicam
788 1254 850 1292 esse
870 1235 984 1293 factam.
1026 1235 1109 1293 Illam
1129 1252 1200 1292 vero

250 1322 364 1371 senatus
377 1333 434 1371 non
447 1315 589 1372 sententiis
603 1315 661 1372 suis
675 1314 775 1380 solum,
790 1314 841 1371 scd
855 1314 940 1371 etiam
954 1313 1053 1370 studiis
1068 1332 1198 1390 compro·

251 1392 336 1450 bavit.
378 1393 495 1460 Quoties
509 1394 582 1450 enim
596 1401 640 1450 est
660 1394 707 1450 illa
721 1411 807 1451 causa
820 1411 837 1448 a
850 1392 931 1449 nobis
946 1398 1010 1449 acta
1029 1392 1057 1448 in
1071 1393 1197 1450 senatu?

200 1481 236 1533 15
250 1471 352 1546 quibus
366 1471 570 1529 assensionibus
585 1472 706 1528 universi
720 1471 846 1528 ordinis?
868 1490 953 1547 quam
973 1489 1025 1528 nec
1038 1471 1130 1529 tacitis
1143 1489 1198 1529 nec

250 1549 389 1606 occultis?
444 1549 566 1618 Quando
589 1551 663 1608 enim
690 1550 915 1626 frequentissimo
939 1558 1039 1607 senatu
1063 1557 1199 1626 quattuor

250 1633 300 1683 aut
314 1646 456 1684 summum
470 1629 592 1705 quinque
606 1639 671 1686 sunt
684 1629 796 1696 inventi,
814 1629 862 1704 qui
882 1629 992 1686 Milonis
1006 1647 1120 1685 causam
1139 1647 1199 1684 non

251 1706 426 1782 probarent?
469 1707 622 1765 Declarant
645 1709 731 1785 hujus
751 1707 875 1764 ambusti
897 1707 1001 1765 tribuni
1025 1706 1115 1784 plebis
1137 1706 1196 1764 illas

249 1783 441 1842 intermortuae
465 1786 620 1854 conciones,
646 1787 749 1863 quibus
772 1785 898 1861 quotidie
922 1802 1014 1843 meam
1041 1785 1198 1862 potentiam

199 1863 383 1926 2oinvidiosc
409 1864 616 1933 criminabatur,
639 1885 727 1942 quum
754 1865 868 1930 diceret,
896 1873 1026 1922 senatum
1049 1883 1105 1920 non
1118 1862 1197 1940 quod

250 1942 373 2009 sentiret,
388 1942 439 2000 sed
463 1943 539 2019 quod
555 1963 608 2021 ego
628 1944 738 2010 vellem,
753 1943 912 2000 decernere.
954 1943 1026 2010 Quae
1038 1942 1153 2019 quidem
1173 1940 1199 1999 si

249 2021 375 2097 potentia
389 2027 433 2078 est
445 2022 615 2099 appellanda
637 2022 732 2099 potius
746 2040 832 2098 quam
845 2028 896 2078 aut
916 2028 1033 2098 propter
1045 2038 1149 2098 magna
1168 2021 1198 2077 in

250 2117 310 2155 rem
332 2099 476 2176 publicam
498 2100 598 2171 merita
622 2100 769 2158 mediocris
792 2100 821 2156 in
841 2100 920 2157 bonis
938 2100 1030 2157 causis
1044 2099 1197 2156 auctoritas

250 2185 300 2233 aut
314 2185 430 2254 propter
444 2179 496 2235 hos
510 2179 647 2236 officiosos
661 2179 771 2236 labores
780 2197 859 2236 meos
872 2179 1006 2236 nonnulla
1015 2178 1093 2255 apud
1107 2180 1197 2237 bonos

199 2266 236 2320 25
250 2255 350 2332 gratia,
365 2257 526 2332 appelletur
546 2257 586 2313 ita
599 2276 674 2324 sane,
698 2256 853 2314 dummodo
877 2275 911 2313 ea
931 2275 983 2314 nos
1006 2265 1121 2314 utamur
1144 2274 1197 2332 pro

250 2334 341 2391 salute
365 2335 503 2391 bonorum
522 2342 618 2393 contra
638 2335 788 2392 amentiam
813 2334 997 2411 perditorum.
1045 2342 1090 2394 13.
1112 2336 1195 2392 Hanc

249 2431 316 2469 vero
330 2413 520 2489 quaestionem,
536 2415 587 2471 etsi
601 2434 656 2471 non
671 2421 715 2472 est
729 2414 831 2489 iniqua,
845 2432 989 2489 nunquam
1007 2421 1103 2472 tamen
1116 2431 1195 2470 sena-

250 2497 296 2547 tus
311 2491 536 2549 constituendam
550 2493 667 2569 putavit.
709 2493 797 2548 Erant
821 2492 894 2549 enim
914 2492 1000 2569 leges,
1015 2500 1096 2550 erant
1115 2511 1195 2569 quae·

250 2569 363 2635 stiones,
384 2571 429 2627 vel
451 2570 487 2628 de
508 2572 588 2629 caede
608 2571 653 2628 vel
667 2572 704 2629 de
720 2573 764 2637 vi;
784 2589 837 2631 nec
858 2579 970 2628 tantum
994 2590 1140 2629 maerorem
1162 2588 1195 2627 ac

198 2656 237 2708 30
250 2644 358 2702 luctum
372 2649 481 2705 senatui
503 2668 578 2706 mors
599 2651 631 2707 P.
648 2650 739 2707 Olodii
759 2650 903 2716 afferebat,
924 2655 958 2706 ut
980 2668 1053 2707 nora
1076 2649 1195 2726 questio

251 2725 474 2784 constitueretur.
521 2728 611 2805 Cujus
626 2729 699 2785 enim
714 2729 750 2785 de
764 2728 811 2785 illo
825 2727 932 2785 incesto
946 2734 1045 2805 stupro
1056 2728 1196 2805 judicium

250 2801 418 2861 decernendi
438 2806 546 2862 senatui
569 2814 697 2885 potestas
717 2815 792 2864 esset
814 2814 920 2883 erepta,
935 2806 971 2863 de
985 2808 1048 2884 ejus
1072 2807 1194 2873 interitu,

250 2881 313 2956 quis
327 2889 421 2958 p'otest
434 2884 555 2952 credere,
568 2893 697 2941 senatum
708 2885 957 2962 judicinmuovum
966 2885 1195 2943 constituendum

250 2961 387 3036 putasse?
444 2961 503 3017 Our
535 2963 621 3040 igitur
647 2964 806 3020 incendium
834 2964 926 3029 curiae,
954 2964 1195 3042 oppugnationem

198 3050 235 3103 35
250 3038 353 3095 aedium
367 3039 405 3096 M.
421 3039 528 3117 Lepidi,
544 3041 651 3098 caedem
665 3042 738 3100 hanc
758 3041 849 3117 ipsam
863 3049 961 3098 contra
974 3061 1034 3099 rem
1052 3042 1195 3118 publicam

250 3126 363 3173 senatus
382 3117 487 3175 factam
501 3137 563 3175 csse
580 3119 729 3178 decrevit?
771 3120 844 3188 Quia
864 3120 941 3176 nulla
955 3121 996 3177 vis
1009 3139 1135 3197 unquam
1151 3126 1196 3177 est

247 3194 277 3251 in
291 3195 378 3252 libera
391 3196 502 3254 civitate
516 3205 650 3274 suscepta
670 3199 743 3256 inter
756 3198 831 3255 cives
847 3217 903 3255 nou
917 3208 1014 3257 contra
1027 3218 1087 3256 rem
1101 3198 1194 3275 publi·

249 3291 319 3330 cam.
364 3280 408 3332 14.
430 3275 495 3332 Non
515 3276 588 3333 enim
603 3285 645 3333 est
669 3277 716 3333 illa
737 3276 862 3334 defensio
882 3286 980 3334 contra
992 3278 1048 3334 vim
1068 3296 1195 3353 unquam

249 3369 267 3406 o
288 3351 383 3418 tanda,
409 3352 460 3410 sed
483 3373 683 3430 nonnunquam
704 3361 748 3412 est
771 3355 933 3412 necessaria.
975 3356 1036 3413 Nisi
1056 3374 1123 3413 vero
1144 3362 1196 3412 aut

197 3428 255 3491 40'
279 3429 378 3495 edice,
393 3449 449 3505 quo
473 3432 512 3489 Ti.
535 3433 681 3490 Gracchus
701 3439 745 3489 est
764 3452 866 3499 caesus,
881 3442 932 3490 aut
951 3434 1005 3501 ille,
1020 3453 1078 3511 quo
1099 3434 1194 3501 (laius,

249 3513 299 3563 aut
312 3526 390 3563 arma
404 3508 547 3566 Saturnini
559 3529 623 3577 non,
639 3512 747 3568 etiamsi
766 3530 781 3568 θ
795 3529 826 3567 re
839 3513 955 3588 publica
968 3531 1105 3591 oppressa
1119 3519 1195 3579 sunt,

248 3603 308 3642 rem
318 3586 464 3719 publicam
478 3594 572 3645 tamen
586 3590 774 3647 vulnerarunt.

288 3664 341 3720 V.
372 3664 472 3741 ltaque
496 3684 550 3743 ego
572 3667 631 3743 ipse
656 3667 777 3734 decrevi,
802 3687 890 3744 quum
914 3669 1022 3727 eaedem
1045 3669 1073 3728 in
1097 3670 1197 3747 Appia

247 3741 354 3803 iactam
374 3761 435 3801 csse
455 3752 606 3813 constaret,
619 3764 676 3804 non
689 3765 764 3814 eum,
779 3747 828 3824 qui
849 3765 880 3805 se
900 3746 1080 3815 defendisset,
1097 3757 1198 3811 contra
