<?xml version="1.0" encoding="UTF-8"?>
<!DOCTYPE html PUBLIC "-//W3C//DTD XHTML 1.0 Transitional//EN"
    "http://www.w3.org/TR/xhtml1/DTD/xhtml1-transitional.dtd">
<html xmlns="http://www.w3.org/1999/xhtml" xml:lang="en" lang="en">
 <head>
  <title>
</title>
<meta http-equiv="Content-Type" content="text/html;charset=utf-8" />
  <meta name='ocr-system' content='tesseract 3.04.00' />
  <meta name='ocr-capabilities' content='ocr_page ocr_carea ocr_par ocr_line ocrx_word'/>
</head>
<body>
  <div class='ocr_page' id='page_1' title='image "./selectorationsm03cicegoog_0046.png"; bbox 0 0 2742 4384; ppageno 0'>
   <div class='ocr_carea' id='block_1_1' title="bbox 166 311 773 366">
    <p class='ocr_par' dir='ltr' id='par_1_1' title="bbox 166 311 773 366">
     <span class='ocr_line' id='line_1_1' title="bbox 166 311 773 366; baseline 0.002 -1"><span class='ocrx_word' id='word_1_1' title='bbox 166 311 206 366; x_wconf 72' lang='lat' dir='ltr'><strong>io</strong></span> <span class='ocrx_word' id='word_1_2' title='bbox 606 324 714 366; x_wconf 63' lang='lat' dir='ltr'><strong>onemo</strong></span> <span class='ocrx_word' id='word_1_3' title='bbox 734 324 773 366; x_wconf 74' lang='grc' dir='ltr'><strong>ιν.</strong></span> 
     </span>
    </p>
   </div>
   <div class='ocr_carea' id='block_1_2' title="bbox 41 428 1172 849">
    <p class='ocr_par' dir='ltr' id='par_1_2' title="bbox 41 428 1163 603">
     <span class='ocr_line' id='line_1_2' title="bbox 41 428 1163 595; baseline 0.004 -4"><span class='ocrx_word' id='word_1_4' title='bbox 41 456 112 521; x_wconf 56' lang='lat'><strong>³³²·</strong></span> <span class='ocrx_word' id='word_1_5' title='bbox 125 428 173 523; x_wconf 73' lang='lat' dir='ltr'><strong>c</strong></span> <span class='ocrx_word' id='word_1_6' title='bbox 215 456 368 592; x_wconf 71' lang='lat' dir='ltr'><strong>lusu</strong></span> <span class='ocrx_word' id='word_1_7' title='bbox 381 453 1163 595; x_wconf 53' lang='lat' dir='ltr'><strong>{rictrudis}eteruistiauctr</strong></span> 
     </span>
     <span class='ocr_line' id='line_1_3' title="bbox 366 571 1161 603; baseline 0.003 -24"><span class='ocrx_word' id='word_1_8' title='bbox 366 578 373 603; x_wconf 70' lang='lat'>‚</span> <span class='ocrx_word' id='word_1_9' title='bbox 1150 571 1161 581; x_wconf 94' lang='lat'><em>.</em></span> 
     </span>
    </p>

    <p class='ocr_par' dir='ltr' id='par_1_3' title="bbox 183 622 1172 849">
     <span class='ocr_line' id='line_1_4' title="bbox 183 622 1160 770; baseline 0.003 -21"><span class='ocrx_word' id='word_1_10' title='bbox 183 655 186 660; x_wconf 91' lang='lat'><em>-</em></span> <span class='ocrx_word' id='word_1_11' title='bbox 214 622 305 749; x_wconf 51' lang='lat' dir='ltr'><strong>augur.</strong></span> <span class='ocrx_word' id='word_1_12' title='bbox 313 692 370 750; x_wconf 83' lang='lat' dir='ltr'><strong>Sed</strong></span> <span class='ocrx_word' id='word_1_13' title='bbox 394 711 449 769; x_wconf 83' lang='lat' dir='ltr'><strong>ego</strong></span> <span class='ocrx_word' id='word_1_14' title='bbox 470 691 577 749; x_wconf 91' lang='lat' dir='ltr'><strong>institui</strong></span> <span class='ocrx_word' id='word_1_15' title='bbox 600 690 704 748; x_wconf 84' lang='lat' dir='ltr'><strong>referre</strong></span> <span class='ocrx_word' id='word_1_16' title='bbox 727 691 764 749; x_wconf 85' lang='lat' dir='ltr'><strong>ad</strong></span> <span class='ocrx_word' id='word_1_17' title='bbox 786 710 845 758; x_wconf 87' lang='lat' dir='ltr'><strong>vos,</strong></span> <span class='ocrx_word' id='word_1_18' title='bbox 871 691 973 748; x_wconf 88' lang='lat' dir='ltr'><strong>Patres</strong></span> <span class='ocrx_word' id='word_1_19' title='bbox 1000 693 1160 770; x_wconf 82' lang='lat' dir='ltr'><strong>conscripti,</strong></span> 
     </span>
     <span class='ocr_line' id='line_1_5' title="bbox 185 752 1172 849; baseline 0.006 -25"><span class='ocrx_word' id='word_1_20' title='bbox 185 752 358 848; x_wconf 69' lang='lat' dir='ltr'><strong>dtamquam</strong></span> <span class='ocrx_word' id='word_1_21' title='bbox 371 770 555 848; x_wconf 70' lang='lat' dir='ltr'><strong>integrumet</strong></span> <span class='ocrx_word' id='word_1_22' title='bbox 576 769 711 836; x_wconf 80' lang='lat' dir='ltr'><strong>defucto,</strong></span> <span class='ocrx_word' id='word_1_23' title='bbox 726 769 796 847; x_wconf 90' lang='lat' dir='ltr'><strong>quid</strong></span> <span class='ocrx_word' id='word_1_24' title='bbox 815 768 956 847; x_wconf 86' lang='lat' dir='ltr'><strong>judicetis,</strong></span> <span class='ocrx_word' id='word_1_25' title='bbox 972 778 1001 827; x_wconf 88' lang='lat' dir='ltr'><strong>et</strong></span> <span class='ocrx_word' id='word_1_26' title='bbox 1015 771 1051 828; x_wconf 90' lang='lat' dir='ltr'><strong>de</strong></span> <span class='ocrx_word' id='word_1_27' title='bbox 1065 791 1172 849; x_wconf 83' lang='lat' dir='ltr'><strong>poene,</strong></span> 
     </span>
    </p>
   </div>
   <div class='ocr_carea' id='block_1_3' title="bbox 1088 615 1154 633">
    <p class='ocr_par' dir='ltr' id='par_1_4' title="bbox 1088 615 1154 633">
     <span class='ocr_line' id='line_1_6' title="bbox 1088 615 1154 633; baseline 0 -5"><span class='ocrx_word' id='word_1_28' title='bbox 1088 615 1154 633; x_wconf 48' lang='grc' dir='ltr'><strong>μ</strong></span> 
     </span>
    </p>
   </div>
   <div class='ocr_carea' id='block_1_4' title="bbox 160 847 1160 3914">
    <p class='ocr_par' dir='ltr' id='par_1_5' title="bbox 160 847 1160 3914">
     <span class='ocr_line' id='line_1_7' title="bbox 213 847 1160 929; baseline 0.003 -23"><span class='ocrx_word' id='word_1_29' title='bbox 213 850 281 926; x_wconf 91' lang='lat' dir='ltr'><strong>quid</strong></span> <span class='ocrx_word' id='word_1_30' title='bbox 305 850 450 907; x_wconf 83' lang='lat' dir='ltr'><strong>censeatis.</strong></span> <span class='ocrx_word' id='word_1_31' title='bbox 493 847 546 906; x_wconf 87' lang='lat' dir='ltr'><strong>llla</strong></span> <span class='ocrx_word' id='word_1_32' title='bbox 570 848 732 926; x_wconf 85' lang='lat' dir='ltr'><strong>praedicam,</strong></span> <span class='ocrx_word' id='word_1_33' title='bbox 754 868 819 925; x_wconf 84' lang='lat' dir='ltr'><strong>quae</strong></span> <span class='ocrx_word' id='word_1_34' title='bbox 839 858 906 905; x_wconf 90' lang='lat' dir='ltr'><strong>sunt</strong></span> <span class='ocrx_word' id='word_1_35' title='bbox 926 849 1057 906; x_wconf 86' lang='lat' dir='ltr'><strong>consulis.</strong></span> <span class='ocrx_word' id='word_1_36' title='bbox 1097 851 1160 929; x_wconf 78' lang='lat' dir='ltr'><strong>Ego</strong></span> 
     </span>
     <span class='ocr_line' id='line_1_8' title="bbox 212 927 1160 1006; baseline 0.003 -22"><span class='ocrx_word' id='word_1_37' title='bbox 212 948 349 1006; x_wconf 87' lang='lat' dir='ltr'><strong>magnum</strong></span> <span class='ocrx_word' id='word_1_38' title='bbox 370 928 398 985; x_wconf 90' lang='lat' dir='ltr'><strong>in</strong></span> <span class='ocrx_word' id='word_1_39' title='bbox 422 948 452 986; x_wconf 91' lang='lat' dir='ltr'><strong>re</strong></span> <span class='ocrx_word' id='word_1_40' title='bbox 476 927 590 1005; x_wconf 86' lang='lat' dir='ltr'><strong>publica</strong></span> <span class='ocrx_word' id='word_1_41' title='bbox 614 928 719 984; x_wconf 83' lang='lat' dir='ltr'><strong>versari</strong></span> <span class='ocrx_word' id='word_1_42' title='bbox 738 928 862 984; x_wconf 85' lang='lat' dir='ltr'><strong>furorem</strong></span> <span class='ocrx_word' id='word_1_43' title='bbox 883 935 912 985; x_wconf 91' lang='lat' dir='ltr'><strong>et</strong></span> <span class='ocrx_word' id='word_1_44' title='bbox 935 946 1008 984; x_wconf 88' lang='lat' dir='ltr'><strong>nova</strong></span> <span class='ocrx_word' id='word_1_45' title='bbox 1028 929 1160 1004; x_wconf 87' lang='lat' dir='ltr'><strong>quaedam</strong></span> 
     </span>
     <span class='ocr_line' id='line_1_9' title="bbox 212 1005 1159 1082; baseline 0.004 -19"><span class='ocrx_word' id='word_1_46' title='bbox 212 1007 322 1064; x_wconf 80' lang='lat' dir='ltr'><strong>misceri</strong></span> <span class='ocrx_word' id='word_1_47' title='bbox 342 1015 371 1065; x_wconf 93' lang='lat' dir='ltr'><strong>et</strong></span> <span class='ocrx_word' id='word_1_48' title='bbox 394 1006 526 1064; x_wconf 84' lang='lat' dir='ltr'><strong>concitari</strong></span> <span class='ocrx_word' id='word_1_49' title='bbox 547 1006 623 1063; x_wconf 89' lang='lat' dir='ltr'><strong>mala</strong></span> <span class='ocrx_word' id='word_1_50' title='bbox 643 1005 813 1082; x_wconf 89' lang='lat' dir='ltr'><strong>jampridem</strong></span> <span class='ocrx_word' id='word_1_51' title='bbox 834 1006 964 1064; x_wconf 82' lang='lat' dir='ltr'><strong>videbam</strong></span> <span class='ocrx_word' id='word_1_52' title='bbox 975 1027 982 1074; x_wconf 93' lang='lat'>;</span> <span class='ocrx_word' id='word_1_53' title='bbox 1011 1008 1062 1064; x_wconf 89' lang='lat' dir='ltr'><strong>sed</strong></span> <span class='ocrx_word' id='word_1_54' title='bbox 1086 1009 1159 1067; x_wconf 88' lang='lat' dir='ltr'><strong>hanc</strong></span> 
     </span>
     <span class='ocr_line' id='line_1_10' title="bbox 212 1084 1159 1162; baseline 0.002 -20"><span class='ocrx_word' id='word_1_55' title='bbox 212 1092 329 1152; x_wconf 80' lang='lat' dir='ltr'><strong>tantam,</strong></span> <span class='ocrx_word' id='word_1_56' title='bbox 345 1094 403 1143; x_wconf 82' lang='lat' dir='ltr'><strong>tam</strong></span> <span class='ocrx_word' id='word_1_57' title='bbox 415 1085 559 1143; x_wconf 77' lang='lat' dir='ltr'><strong>exitiosam</strong></span> <span class='ocrx_word' id='word_1_58' title='bbox 580 1084 677 1142; x_wconf 87' lang='lat' dir='ltr'><strong>haberi</strong></span> <span class='ocrx_word' id='word_1_59' title='bbox 698 1085 919 1162; x_wconf 89' lang='lat' dir='ltr'><strong>conjurationem</strong></span> <span class='ocrx_word' id='word_1_60' title='bbox 938 1104 955 1141; x_wconf 91' lang='lat' dir='ltr'><strong>a</strong></span> <span class='ocrx_word' id='word_1_61' title='bbox 969 1085 1075 1144; x_wconf 89' lang='lat' dir='ltr'><strong>civibus</strong></span> <span class='ocrx_word' id='word_1_62' title='bbox 1089 1106 1159 1144; x_wconf 92' lang='lat' dir='ltr'><strong>nun·</strong></span> 
     </span>
     <span class='ocr_line' id='line_1_11' title="bbox 165 1163 1158 1241; baseline 0.007 -25"><span class='ocrx_word' id='word_1_63' title='bbox 165 1164 297 1240; x_wconf 73' lang='lat' dir='ltr'><strong>loquum</strong></span> <span class='ocrx_word' id='word_1_64' title='bbox 311 1164 416 1240; x_wconf 83' lang='lat' dir='ltr'><strong>putavi.</strong></span> <span class='ocrx_word' id='word_1_65' title='bbox 458 1164 551 1229; x_wconf 89' lang='lat' dir='ltr'><strong>Nunc,</strong></span> <span class='ocrx_word' id='word_1_66' title='bbox 566 1163 703 1240; x_wconf 92' lang='lat' dir='ltr'><strong>quidquid</strong></span> <span class='ocrx_word' id='word_1_67' title='bbox 717 1171 769 1230; x_wconf 91' lang='lat' dir='ltr'><strong>est,</strong></span> <span class='ocrx_word' id='word_1_68' title='bbox 784 1183 952 1241; x_wconf 90' lang='lat' dir='ltr'><strong>quocunque</strong></span> <span class='ocrx_word' id='word_1_69' title='bbox 965 1171 1067 1222; x_wconf 87' lang='lat' dir='ltr'><strong>vestrae</strong></span> <span class='ocrx_word' id='word_1_70' title='bbox 1081 1185 1158 1223; x_wconf 92' lang='lat' dir='ltr'><strong>men·</strong></span> 
     </span>
     <span class='ocr_line' id='line_1_12' title="bbox 212 1242 1158 1318; baseline 0.003 -18"><span class='ocrx_word' id='word_1_71' title='bbox 212 1249 255 1300; x_wconf 90' lang='lat' dir='ltr'><strong>tes</strong></span> <span class='ocrx_word' id='word_1_72' title='bbox 269 1243 401 1300; x_wconf 85' lang='lat' dir='ltr'><strong>inclinant</strong></span> <span class='ocrx_word' id='word_1_73' title='bbox 414 1250 500 1318; x_wconf 88' lang='lat' dir='ltr'><strong>atque</strong></span> <span class='ocrx_word' id='word_1_74' title='bbox 511 1242 664 1309; x_wconf 85' lang='lat' dir='ltr'><strong>sententiae,</strong></span> <span class='ocrx_word' id='word_1_75' title='bbox 676 1242 859 1299; x_wconf 89' lang='lat' dir='ltr'><strong>statuendum</strong></span> <span class='ocrx_word' id='word_1_76' title='bbox 874 1243 953 1301; x_wconf 91' lang='lat' dir='ltr'><strong>vobis</strong></span> <span class='ocrx_word' id='word_1_77' title='bbox 966 1253 1032 1300; x_wconf 90' lang='lat' dir='ltr'><strong>anto</strong></span> <span class='ocrx_word' id='word_1_78' title='bbox 1046 1252 1158 1303; x_wconf 85' lang='lat' dir='ltr'><strong>noctem</strong></span> 
     </span>
     <span class='ocr_line' id='line_1_13' title="bbox 211 1320 1158 1391; baseline 0.003 -13"><span class='ocrx_word' id='word_1_79' title='bbox 211 1328 263 1378; x_wconf 90' lang='lat' dir='ltr'><strong>est.</strong></span> <span class='ocrx_word' id='word_1_80' title='bbox 305 1321 449 1389; x_wconf 79' lang='lat' dir='ltr'><strong>Quantum</strong></span> <span class='ocrx_word' id='word_1_81' title='bbox 469 1320 577 1377; x_wconf 84' lang='lat' dir='ltr'><strong>facinus</strong></span> <span class='ocrx_word' id='word_1_82' title='bbox 597 1320 634 1376; x_wconf 88' lang='lat' dir='ltr'><strong>ad</strong></span> <span class='ocrx_word' id='word_1_83' title='bbox 655 1339 706 1377; x_wconf 89' lang='lat' dir='ltr'><strong>vos</strong></span> <span class='ocrx_word' id='word_1_84' title='bbox 726 1320 852 1377; x_wconf 87' lang='lat' dir='ltr'><strong>delatum</strong></span> <span class='ocrx_word' id='word_1_85' title='bbox 873 1321 918 1389; x_wconf 88' lang='lat' dir='ltr'><strong>sit,</strong></span> <span class='ocrx_word' id='word_1_86' title='bbox 932 1322 1040 1380; x_wconf 87' lang='lat' dir='ltr'><strong>videtis.</strong></span> <span class='ocrx_word' id='word_1_87' title='bbox 1082 1323 1158 1391; x_wconf 90' lang='lat' dir='ltr'><strong>Huic</strong></span> 
     </span>
     <span class='ocr_line' id='line_1_14' title="bbox 211 1399 1158 1481; baseline 0.003 -25"><span class='ocrx_word' id='word_1_88' title='bbox 211 1400 235 1456; x_wconf 89' lang='lat' dir='ltr'><strong>si</strong></span> <span class='ocrx_word' id='word_1_89' title='bbox 259 1418 365 1481; x_wconf 88' lang='lat' dir='ltr'><strong>paucos</strong></span> <span class='ocrx_word' id='word_1_90' title='bbox 390 1400 495 1475; x_wconf 86' lang='lat' dir='ltr'><strong>putatis</strong></span> <span class='ocrx_word' id='word_1_91' title='bbox 515 1399 611 1455; x_wconf 91' lang='lat' dir='ltr'><strong>affines</strong></span> <span class='ocrx_word' id='word_1_92' title='bbox 625 1417 695 1465; x_wconf 89' lang='lat' dir='ltr'><strong>esse,</strong></span> <span class='ocrx_word' id='word_1_93' title='bbox 711 1400 892 1457; x_wconf 90' lang='lat' dir='ltr'><strong>vehementer</strong></span> <span class='ocrx_word' id='word_1_94' title='bbox 912 1402 1017 1458; x_wconf 91' lang='lat' dir='ltr'><strong>erratis.</strong></span> <span class='ocrx_word' id='word_1_95' title='bbox 1059 1402 1158 1460; x_wconf 90' lang='lat' dir='ltr'><strong>Latius</strong></span> 
     </span>
     <span class='ocr_line' id='line_1_15' title="bbox 211 1477 1158 1554; baseline 0.003 -19"><span class='ocrx_word' id='word_1_96' title='bbox 211 1478 340 1554; x_wconf 92' lang='lat' dir='ltr'><strong>opinione</strong></span> <span class='ocrx_word' id='word_1_97' title='bbox 354 1477 564 1534; x_wconf 88' lang='lat' dir='ltr'><strong>disseminatum</strong></span> <span class='ocrx_word' id='word_1_98' title='bbox 579 1484 623 1533; x_wconf 89' lang='lat' dir='ltr'><strong>est</strong></span> <span class='ocrx_word' id='word_1_99' title='bbox 642 1477 696 1534; x_wconf 91' lang='lat' dir='ltr'><strong>boc</strong></span> <span class='ocrx_word' id='word_1_100' title='bbox 716 1478 839 1545; x_wconf 91' lang='lat' dir='ltr'><strong>malum;</strong></span> <span class='ocrx_word' id='word_1_101' title='bbox 860 1480 983 1536; x_wconf 86' lang='lat' dir='ltr'><strong>manavit</strong></span> <span class='ocrx_word' id='word_1_102' title='bbox 996 1499 1052 1537; x_wconf 91' lang='lat' dir='ltr'><strong>non</strong></span> <span class='ocrx_word' id='word_1_103' title='bbox 1066 1481 1158 1538; x_wconf 90' lang='lat' dir='ltr'><strong>solum</strong></span> 
     </span>
     <span class='ocr_line' id='line_1_16' title="bbox 164 1555 1158 1635; baseline 0.006 -24"><span class='ocrx_word' id='word_1_104' title='bbox 164 1560 200 1612; x_wconf 83' lang='lat'><strong>15</strong></span> <span class='ocrx_word' id='word_1_105' title='bbox 213 1575 264 1633; x_wconf 87' lang='lat' dir='ltr'><strong>per</strong></span> <span class='ocrx_word' id='word_1_106' title='bbox 291 1556 410 1622; x_wconf 87' lang='lat' dir='ltr'><strong>Italiam,</strong></span> <span class='ocrx_word' id='word_1_107' title='bbox 435 1575 533 1613; x_wconf 88' lang='lat' dir='ltr'><strong>verum</strong></span> <span class='ocrx_word' id='word_1_108' title='bbox 557 1555 641 1612; x_wconf 91' lang='lat' dir='ltr'><strong>etiam</strong></span> <span class='ocrx_word' id='word_1_109' title='bbox 669 1557 843 1614; x_wconf 81' lang='lat' dir='ltr'><strong>transcendit</strong></span> <span class='ocrx_word' id='word_1_110' title='bbox 866 1558 958 1635; x_wconf 86' lang='lat' dir='ltr'><strong>Alpes</strong></span> <span class='ocrx_word' id='word_1_111' title='bbox 982 1568 1011 1616; x_wconf 88' lang='lat' dir='ltr'><strong>et</strong></span> <span class='ocrx_word' id='word_1_112' title='bbox 1038 1561 1158 1617; x_wconf 88' lang='lat' dir='ltr'><strong>obscure</strong></span> 
     </span>
     <span class='ocr_line' id='line_1_17' title="bbox 211 1634 1158 1715; baseline 0.005 -24"><span class='ocrx_word' id='word_1_113' title='bbox 211 1654 326 1711; x_wconf 90' lang='lat' dir='ltr'><strong>serpens</strong></span> <span class='ocrx_word' id='word_1_114' title='bbox 354 1635 458 1691; x_wconf 90' lang='lat' dir='ltr'><strong>multas</strong></span> <span class='ocrx_word' id='word_1_115' title='bbox 483 1635 543 1712; x_wconf 88' lang='lat' dir='ltr'><strong>jam</strong></span> <span class='ocrx_word' id='word_1_116' title='bbox 566 1634 726 1715; x_wconf 87' lang='lat' dir='ltr'><strong>provincias</strong></span> <span class='ocrx_word' id='word_1_117' title='bbox 754 1636 912 1712; x_wconf 85' lang='lat' dir='ltr'><strong>occupavit.</strong></span> <span class='ocrx_word' id='word_1_118' title='bbox 974 1638 1009 1694; x_wconf 93' lang='lat' dir='ltr'><strong>Id</strong></span> <span class='ocrx_word' id='word_1_119' title='bbox 1037 1638 1158 1715; x_wconf 85' lang='lat' dir='ltr'><strong>opprimi</strong></span> 
     </span>
     <span class='ocr_line' id='line_1_18' title="bbox 210 1712 1157 1795; baseline 0.005 -25"><span class='ocrx_word' id='word_1_120' title='bbox 210 1713 395 1771; x_wconf 86' lang='lat' dir='ltr'><strong>sustentando</strong></span> <span class='ocrx_word' id='word_1_121' title='bbox 409 1732 442 1770; x_wconf 90' lang='lat' dir='ltr'><strong>ac</strong></span> <span class='ocrx_word' id='word_1_122' title='bbox 457 1733 491 1793; x_wconf 91' lang='lat' dir='ltr'><strong>pr</strong></span> <span class='ocrx_word' id='word_1_123' title='bbox 585 1712 623 1770; x_wconf 90' lang='lat' dir='ltr'><strong>do</strong></span> <span class='ocrx_word' id='word_1_124' title='bbox 641 1713 719 1770; x_wconf 92' lang='lat' dir='ltr'><strong>nullo</strong></span> <span class='ocrx_word' id='word_1_125' title='bbox 740 1723 824 1791; x_wconf 88' lang='lat' dir='ltr'><strong>pacto</strong></span> <span class='ocrx_word' id='word_1_126' title='bbox 838 1722 940 1790; x_wconf 86' lang='lat' dir='ltr'><strong>potest.</strong></span> <span class='ocrx_word' id='word_1_127' title='bbox 983 1717 1157 1795; x_wconf 79' lang='lat' dir='ltr'><strong>Quacunque</strong></span> 
     </span>
     <span class='ocr_line' id='line_1_19' title="bbox 209 1791 948 1869; baseline 0.004 -21"><span class='ocrx_word' id='word_1_128' title='bbox 209 1791 317 1850; x_wconf 86' lang='lat' dir='ltr'><strong>ratione</strong></span> <span class='ocrx_word' id='word_1_129' title='bbox 332 1792 434 1869; x_wconf 87' lang='lat' dir='ltr'><strong>placet,</strong></span> <span class='ocrx_word' id='word_1_130' title='bbox 494 1792 577 1849; x_wconf 81' lang='lat' dir='ltr'><strong>eriter</strong></span> <span class='ocrx_word' id='word_1_131' title='bbox 590 1792 669 1850; x_wconf 89' lang='lat' dir='ltr'><strong>vobis</strong></span> <span class='ocrx_word' id='word_1_132' title='bbox 683 1791 882 1850; x_wconf 87' lang='lat' dir='ltr'><strong>vindicandum</strong></span> <span class='ocrx_word' id='word_1_133' title='bbox 896 1801 948 1852; x_wconf 87' lang='lat' dir='ltr'><strong>est.</strong></span> 
     </span>
     <span class='ocr_line' id='line_1_20' title="bbox 250 1870 1156 1941; baseline 0.006 -13"><span class='ocrx_word' id='word_1_134' title='bbox 250 1871 302 1929; x_wconf 84' lang='lat' dir='ltr'><strong>IV.</strong></span> <span class='ocrx_word' id='word_1_135' title='bbox 345 1872 370 1929; x_wconf 76' lang='lat' dir='ltr'><strong>t.</strong></span> <span class='ocrx_word' id='word_1_136' title='bbox 396 1871 435 1941; x_wconf 59' lang='lat' dir='ltr'><strong>Vl</strong></span> <span class='ocrx_word' id='word_1_137' title='bbox 455 1890 488 1928; x_wconf 88' lang='lat' dir='ltr'><strong>eo</strong></span> <span class='ocrx_word' id='word_1_138' title='bbox 512 1872 584 1928; x_wconf 90' lang='lat' dir='ltr'><strong>duas</strong></span> <span class='ocrx_word' id='word_1_139' title='bbox 607 1870 702 1929; x_wconf 85' lang='lat' dir='ltr'><strong>adhuc</strong></span> <span class='ocrx_word' id='word_1_140' title='bbox 725 1889 787 1928; x_wconf 90' lang='lat' dir='ltr'><strong>esse</strong></span> <span class='ocrx_word' id='word_1_141' title='bbox 811 1873 978 1931; x_wconf 87' lang='lat' dir='ltr'><strong>sententias:</strong></span> <span class='ocrx_word' id='word_1_142' title='bbox 1010 1892 1095 1930; x_wconf 87' lang='lat' dir='ltr'><strong>unam</strong></span> <span class='ocrx_word' id='word_1_143' title='bbox 1119 1875 1156 1933; x_wconf 91' lang='lat' dir='ltr'><strong>D.</strong></span> 
     </span>
     <span class='ocr_line' id='line_1_21' title="bbox 162 1949 1156 2027; baseline 0.005 -21"><span class='ocrx_word' id='word_1_144' title='bbox 162 1953 200 2006; x_wconf 82' lang='lat'><strong>20</strong></span> <span class='ocrx_word' id='word_1_145' title='bbox 210 1949 305 2017; x_wconf 84' lang='lat' dir='ltr'><strong>Silani,</strong></span> <span class='ocrx_word' id='word_1_146' title='bbox 321 1950 368 2027; x_wconf 93' lang='lat' dir='ltr'><strong>qui</strong></span> <span class='ocrx_word' id='word_1_147' title='bbox 386 1960 493 2018; x_wconf 90' lang='lat' dir='ltr'><strong>censet,</strong></span> <span class='ocrx_word' id='word_1_148' title='bbox 509 1969 566 2016; x_wconf 93' lang='lat' dir='ltr'><strong>eos,</strong></span> <span class='ocrx_word' id='word_1_149' title='bbox 588 1949 636 2026; x_wconf 94' lang='lat' dir='ltr'><strong>qui</strong></span> <span class='ocrx_word' id='word_1_150' title='bbox 657 1950 721 2007; x_wconf 85' lang='lat' dir='ltr'><strong>haec</strong></span> <span class='ocrx_word' id='word_1_151' title='bbox 743 1950 837 2007; x_wconf 88' lang='lat' dir='ltr'><strong>delere</strong></span> <span class='ocrx_word' id='word_1_152' title='bbox 855 1952 946 2008; x_wconf 89' lang='lat' dir='ltr'><strong>conati</strong></span> <span class='ocrx_word' id='word_1_153' title='bbox 968 1961 1042 2020; x_wconf 90' lang='lat' dir='ltr'><strong>sunt,</strong></span> <span class='ocrx_word' id='word_1_154' title='bbox 1065 1962 1156 2011; x_wconf 88' lang='lat' dir='ltr'><strong>morte</strong></span> 
     </span>
     <span class='ocr_line' id='line_1_22' title="bbox 210 2028 1156 2111; baseline 0.004 -26"><span class='ocrx_word' id='word_1_155' title='bbox 210 2048 272 2108; x_wconf 81' lang='lat' dir='ltr'><strong>esse</strong></span> <span class='ocrx_word' id='word_1_156' title='bbox 285 2029 474 2111; x_wconf 23' lang='lat' dir='ltr'><strong>*multandpffi</strong></span> <span class='ocrx_word' id='word_1_157' title='bbox 505 2029 624 2087; x_wconf 82' lang='lat' dir='ltr'><strong>alteram</strong></span> <span class='ocrx_word' id='word_1_158' title='bbox 649 2028 683 2085; x_wconf 89' lang='lat' dir='ltr'><strong>C.</strong></span> <span class='ocrx_word' id='word_1_159' title='bbox 707 2028 835 2095; x_wconf 72' lang='lat' dir='ltr'><strong>Oaesaris</strong></span> <span class='ocrx_word' id='word_1_160' title='bbox 857 2029 904 2105; x_wconf 95' lang='lat' dir='ltr'><strong>qui</strong></span> <span class='ocrx_word' id='word_1_161' title='bbox 923 2030 1020 2088; x_wconf 89' lang='lat' dir='ltr'><strong>mortis</strong></span> <span class='ocrx_word' id='word_1_162' title='bbox 1042 2051 1156 2108; x_wconf 88' lang='lat' dir='ltr'><strong>poenam</strong></span> 
     </span>
     <span class='ocr_line' id='line_1_23' title="bbox 209 2107 1155 2184; baseline 0.004 -20"><span class='ocrx_word' id='word_1_163' title='bbox 209 2116 344 2175; x_wconf 87' lang='lat' dir='ltr'><strong>removet,</strong></span> <span class='ocrx_word' id='word_1_164' title='bbox 370 2116 527 2165; x_wconf 89' lang='lat' dir='ltr'><strong>ceterorum</strong></span> <span class='ocrx_word' id='word_1_165' title='bbox 552 2107 754 2184; x_wconf 88' lang='lat' dir='ltr'><strong>suppliciorum</strong></span> <span class='ocrx_word' id='word_1_166' title='bbox 780 2126 877 2164; x_wconf 91' lang='lat' dir='ltr'><strong>omnes</strong></span> <span class='ocrx_word' id='word_1_167' title='bbox 902 2109 1072 2167; x_wconf 86' lang='lat' dir='ltr'><strong>acerbitates</strong></span> <span class='ocrx_word' id='word_1_168' title='bbox 1097 2130 1155 2168; x_wconf 86' lang='lat' dir='ltr'><strong>am·</strong></span> 
     </span>
     <span class='ocr_line' id='line_1_24' title="bbox 209 2186 1155 2264; baseline 0.004 -22"><span class='ocrx_word' id='word_1_169' title='bbox 209 2186 349 2263; x_wconf 88' lang='lat' dir='ltr'><strong>plectitur.</strong></span> <span class='ocrx_word' id='word_1_170' title='bbox 404 2187 532 2264; x_wconf 86' lang='lat' dir='ltr'><strong>Uterque</strong></span> <span class='ocrx_word' id='word_1_171' title='bbox 559 2195 589 2243; x_wconf 92' lang='lat' dir='ltr'><strong>et</strong></span> <span class='ocrx_word' id='word_1_172' title='bbox 612 2205 664 2263; x_wconf 89' lang='lat' dir='ltr'><strong>pro</strong></span> <span class='ocrx_word' id='word_1_173' title='bbox 692 2186 736 2243; x_wconf 93' lang='lat' dir='ltr'><strong>sui</strong></span> <span class='ocrx_word' id='word_1_174' title='bbox 763 2186 899 2264; x_wconf 85' lang='lat' dir='ltr'><strong>dignitate</strong></span> <span class='ocrx_word' id='word_1_175' title='bbox 927 2194 956 2244; x_wconf 93' lang='lat' dir='ltr'><strong>et</strong></span> <span class='ocrx_word' id='word_1_176' title='bbox 983 2207 1035 2264; x_wconf 92' lang='lat' dir='ltr'><strong>pro</strong></span> <span class='ocrx_word' id='word_1_177' title='bbox 1062 2208 1155 2246; x_wconf 90' lang='lat' dir='ltr'><strong>rerum</strong></span> 
     </span>
     <span class='ocr_line' id='line_1_25' title="bbox 209 2264 1156 2344; baseline 0.005 -24"><span class='ocrx_word' id='word_1_178' title='bbox 209 2264 402 2342; x_wconf 85' lang='lat' dir='ltr'><strong>magnitudine</strong></span> <span class='ocrx_word' id='word_1_179' title='bbox 422 2266 450 2323; x_wconf 95' lang='lat' dir='ltr'><strong>in</strong></span> <span class='ocrx_word' id='word_1_180' title='bbox 464 2284 575 2322; x_wconf 85' lang='lat' dir='ltr'><strong>summa</strong></span> <span class='ocrx_word' id='word_1_181' title='bbox 589 2265 737 2323; x_wconf 84' lang='lat' dir='ltr'><strong>severitate</strong></span> <span class='ocrx_word' id='word_1_182' title='bbox 750 2272 887 2322; x_wconf 83' lang='lat' dir='ltr'><strong>versatur.</strong></span> <span class='ocrx_word' id='word_1_183' title='bbox 928 2265 1012 2322; x_wconf 92' lang='lat' dir='ltr'><strong>Alter</strong></span> <span class='ocrx_word' id='word_1_184' title='bbox 1035 2286 1092 2334; x_wconf 89' lang='lat' dir='ltr'><strong>eos,</strong></span> <span class='ocrx_word' id='word_1_185' title='bbox 1107 2268 1156 2344; x_wconf 93' lang='lat' dir='ltr'><strong>qui</strong></span> 
     </span>
     <span class='ocr_line' id='line_1_26' title="bbox 161 2340 1154 2434; baseline 0.003 -34"><span class='ocrx_word' id='word_1_186' title='bbox 161 2348 197 2402; x_wconf 81' lang='lat'><strong>25</strong></span> <span class='ocrx_word' id='word_1_187' title='bbox 209 2362 261 2400; x_wconf 88' lang='lat' dir='ltr'><strong>nos</strong></span> <span class='ocrx_word' id='word_1_188' title='bbox 275 2362 380 2410; x_wconf 89' lang='lat' dir='ltr'><strong>omnes,</strong></span> <span class='ocrx_word' id='word_1_189' title='bbox 392 2345 440 2421; x_wconf 91' lang='lat' dir='ltr'><strong>qui</strong></span> <span class='ocrx_word' id='word_1_190' title='bbox 454 2344 592 2421; x_wconf 91' lang='lat' dir='ltr'><strong>populum</strong></span> <span class='ocrx_word' id='word_1_191' title='bbox 608 2344 768 2401; x_wconf 88' lang='lat' dir='ltr'><strong>Romanum</strong></span> <span class='ocrx_word' id='word_1_192' title='bbox 775 2340 959 2434; x_wconf 41' lang='lat' dir='ltr'><strong>,vifiprivare</strong></span> <span class='ocrx_word' id='word_1_193' title='bbox 973 2346 1065 2403; x_wconf 88' lang='lat' dir='ltr'><strong>conati</strong></span> <span class='ocrx_word' id='word_1_194' title='bbox 1079 2353 1154 2415; x_wconf 88' lang='lat' dir='ltr'><strong>sunt,</strong></span> 
     </span>
     <span class='ocr_line' id='line_1_27' title="bbox 209 2421 1154 2503; baseline 0.004 -25"><span class='ocrx_word' id='word_1_195' title='bbox 209 2422 257 2498; x_wconf 92' lang='lat' dir='ltr'><strong>qui</strong></span> <span class='ocrx_word' id='word_1_196' title='bbox 271 2421 364 2480; x_wconf 89' lang='lat' dir='ltr'><strong>delere</strong></span> <span class='ocrx_word' id='word_1_197' title='bbox 378 2423 536 2499; x_wconf 89' lang='lat' dir='ltr'><strong>imperium,</strong></span> <span class='ocrx_word' id='word_1_198' title='bbox 546 2423 592 2498; x_wconf 93' lang='lat' dir='ltr'><strong>qui</strong></span> <span class='ocrx_word' id='word_1_199' title='bbox 608 2423 706 2499; x_wconf 92' lang='lat' dir='ltr'><strong>populi</strong></span> <span class='ocrx_word' id='word_1_200' title='bbox 720 2422 839 2479; x_wconf 85' lang='lat' dir='ltr'><strong>Romani</strong></span> <span class='ocrx_word' id='word_1_201' title='bbox 853 2442 955 2480; x_wconf 91' lang='lat' dir='ltr'><strong>nomen</strong></span> <span class='ocrx_word' id='word_1_202' title='bbox 969 2425 1154 2503; x_wconf 86' lang='lat' dir='ltr'><strong>exstinguere,</strong></span> 
     </span>
     <span class='ocr_line' id='line_1_28' title="bbox 230 2501 1154 2589; baseline 0.004 -33"><span class='ocrx_word' id='word_1_203' title='bbox 230 2507 347 2557; x_wconf 89' lang='lat' dir='ltr'><strong>unctum</strong></span> <span class='ocrx_word' id='word_1_204' title='bbox 370 2501 504 2576; x_wconf 88' lang='lat' dir='ltr'><strong>temporis</strong></span> <span class='ocrx_word' id='word_1_205' title='bbox 526 2501 581 2557; x_wconf 83' lang='lat' dir='ltr'><strong>frui</strong></span> <span class='ocrx_word' id='word_1_206' title='bbox 604 2501 672 2589; x_wconf 51' lang='lat' dir='ltr'><strong>vita</strong></span> <span class='ocrx_word' id='word_1_207' title='bbox 683 2508 713 2559; x_wconf 95' lang='lat' dir='ltr'><strong>et</strong></span> <span class='ocrx_word' id='word_1_208' title='bbox 731 2501 785 2558; x_wconf 92' lang='lat' dir='ltr'><strong>hoc</strong></span> <span class='ocrx_word' id='word_1_209' title='bbox 810 2503 951 2559; x_wconf 91' lang='lat' dir='ltr'><strong>communi</strong></span> <span class='ocrx_word' id='word_1_210' title='bbox 975 2503 1075 2580; x_wconf 87' lang='lat' dir='ltr'><strong>spiritu</strong></span> <span class='ocrx_word' id='word_1_211' title='bbox 1099 2523 1154 2560; x_wconf 92' lang='lat' dir='ltr'><strong>non</strong></span> 
     </span>
     <span class='ocr_line' id='line_1_29' title="bbox 208 2519 1155 2659; baseline 0.006 -25"><span class='ocrx_word' id='word_1_212' title='bbox 208 2519 444 2657; x_wconf 56' lang='lat' dir='ltr'><strong>Euffil&#39;bpbrtere,</strong></span> <span class='ocrx_word' id='word_1_213' title='bbox 459 2587 545 2655; x_wconf 87' lang='lat' dir='ltr'><strong>atque</strong></span> <span class='ocrx_word' id='word_1_214' title='bbox 565 2581 619 2637; x_wconf 92' lang='lat' dir='ltr'><strong>hoc</strong></span> <span class='ocrx_word' id='word_1_215' title='bbox 639 2598 730 2658; x_wconf 84' lang='lat' dir='ltr'><strong>genus</strong></span> <span class='ocrx_word' id='word_1_216' title='bbox 754 2598 848 2655; x_wconf 86' lang='lat' dir='ltr'><strong>poenae</strong></span> <span class='ocrx_word' id='word_1_217' title='bbox 862 2599 940 2657; x_wconf 89' lang='lat' dir='ltr'><strong>saepe</strong></span> <span class='ocrx_word' id='word_1_218' title='bbox 961 2582 989 2637; x_wconf 94' lang='lat' dir='ltr'><strong>in</strong></span> <span class='ocrx_word' id='word_1_219' title='bbox 1012 2582 1155 2659; x_wconf 86' lang='lat' dir='ltr'><strong>improbos</strong></span> 
     </span>
     <span class='ocr_line' id='line_1_30' title="bbox 209 2657 1155 2734; baseline 0.003 -19"><span class='ocrx_word' id='word_1_220' title='bbox 209 2658 283 2715; x_wconf 88' lang='lat' dir='ltr'><strong>cives</strong></span> <span class='ocrx_word' id='word_1_221' title='bbox 306 2657 334 2714; x_wconf 92' lang='lat' dir='ltr'><strong>in</strong></span> <span class='ocrx_word' id='word_1_222' title='bbox 354 2658 408 2714; x_wconf 87' lang='lat' dir='ltr'><strong>hac</strong></span> <span class='ocrx_word' id='word_1_223' title='bbox 421 2677 452 2715; x_wconf 93' lang='lat' dir='ltr'><strong>re</strong></span> <span class='ocrx_word' id='word_1_224' title='bbox 467 2657 580 2734; x_wconf 86' lang='lat' dir='ltr'><strong>publica</strong></span> <span class='ocrx_word' id='word_1_225' title='bbox 594 2677 655 2715; x_wconf 87' lang='lat' dir='ltr'><strong>esse</strong></span> <span class='ocrx_word' id='word_1_226' title='bbox 669 2670 838 2734; x_wconf 87' lang='lat' dir='ltr'><strong>usurpatum</strong></span> <span class='ocrx_word' id='word_1_227' title='bbox 858 2660 1029 2718; x_wconf 85' lang='lat' dir='ltr'><strong>recordatur.</strong></span> <span class='ocrx_word' id='word_1_228' title='bbox 1071 2661 1155 2718; x_wconf 89' lang='lat' dir='ltr'><strong>Alter</strong></span> 
     </span>
     <span class='ocr_line' id='line_1_31' title="bbox 160 2735 1155 2816; baseline 0.004 -23"><span class='ocrx_word' id='word_1_229' title='bbox 160 2735 338 2814; x_wconf 85' lang='lat' dir='ltr'><strong>30intelligit</strong></span> <span class='ocrx_word' id='word_1_230' title='bbox 364 2744 484 2794; x_wconf 88' lang='lat' dir='ltr'><strong>mortem</strong></span> <span class='ocrx_word' id='word_1_231' title='bbox 509 2754 526 2792; x_wconf 86' lang='lat' dir='ltr'><strong>a</strong></span> <span class='ocrx_word' id='word_1_232' title='bbox 550 2737 602 2794; x_wconf 90' lang='lat' dir='ltr'><strong>diis</strong></span> <span class='ocrx_word' id='word_1_233' title='bbox 625 2736 830 2794; x_wconf 89' lang='lat' dir='ltr'><strong>immortalibus</strong></span> <span class='ocrx_word' id='word_1_234' title='bbox 855 2756 911 2794; x_wconf 92' lang='lat' dir='ltr'><strong>non</strong></span> <span class='ocrx_word' id='word_1_235' title='bbox 941 2758 1003 2796; x_wconf 86' lang='lat' dir='ltr'><strong>esse</strong></span> <span class='ocrx_word' id='word_1_236' title='bbox 1025 2740 1155 2816; x_wconf 90' lang='lat' dir='ltr'><strong>supplicii</strong></span> 
     </span>
     <span class='ocr_line' id='line_1_32' title="bbox 209 2815 1154 2905; baseline 0.005 -34"><span class='ocrx_word' id='word_1_237' title='bbox 209 2834 294 2905; x_wconf 62' lang='lat' dir='ltr'>Q</span> <span class='ocrx_word' id='word_1_238' title='bbox 308 2815 499 2883; x_wconf 82' lang='lat' dir='ltr'><strong>constitutam,</strong></span> <span class='ocrx_word' id='word_1_239' title='bbox 509 2815 560 2872; x_wconf 89' lang='lat' dir='ltr'><strong>sed</strong></span> <span class='ocrx_word' id='word_1_240' title='bbox 574 2824 624 2873; x_wconf 86' lang='lat' dir='ltr'><strong>aut</strong></span> <span class='ocrx_word' id='word_1_241' title='bbox 637 2815 833 2872; x_wconf 86' lang='lat' dir='ltr'><strong>necessitatem</strong></span> <span class='ocrx_word' id='word_1_242' title='bbox 844 2824 952 2873; x_wconf 84' lang='lat' dir='ltr'><strong>naturae</strong></span> <span class='ocrx_word' id='word_1_243' title='bbox 963 2826 1013 2875; x_wconf 87' lang='lat' dir='ltr'><strong>aut</strong></span> <span class='ocrx_word' id='word_1_244' title='bbox 1025 2817 1154 2876; x_wconf 82' lang='lat' dir='ltr'><strong>laborum</strong></span> 
     </span>
     <span class='ocr_line' id='line_1_33' title="bbox 209 2893 1154 2973; baseline 0.004 -24"><span class='ocrx_word' id='word_1_245' title='bbox 209 2912 242 2950; x_wconf 88' lang='lat' dir='ltr'><strong>ac</strong></span> <span class='ocrx_word' id='word_1_246' title='bbox 257 2893 430 2952; x_wconf 87' lang='lat' dir='ltr'><strong>m1seriarum</strong></span> <span class='ocrx_word' id='word_1_247' title='bbox 444 2893 566 2970; x_wconf 91' lang='lat' dir='ltr'><strong>quietem</strong></span> <span class='ocrx_word' id='word_1_248' title='bbox 577 2913 646 2952; x_wconf 88' lang='lat' dir='ltr'><strong>esse.</strong></span> <span class='ocrx_word' id='word_1_249' title='bbox 669 2895 771 2971; x_wconf 87' lang='lat' dir='ltr'><strong>Itaque</strong></span> <span class='ocrx_word' id='word_1_250' title='bbox 783 2912 844 2951; x_wconf 90' lang='lat' dir='ltr'><strong>eam</strong></span> <span class='ocrx_word' id='word_1_251' title='bbox 855 2896 995 2971; x_wconf 87' lang='lat' dir='ltr'><strong>sapientes</strong></span> <span class='ocrx_word' id='word_1_252' title='bbox 1010 2916 1154 2973; x_wconf 91' lang='lat' dir='ltr'><strong>nunquam</strong></span> 
     </span>
     <span class='ocr_line' id='line_1_34' title="bbox 207 2971 1155 3050; baseline 0.003 -21"><span class='ocrx_word' id='word_1_253' title='bbox 207 2971 294 3039; x_wconf 88' lang='lat' dir='ltr'><strong>inviti,</strong></span> <span class='ocrx_word' id='word_1_254' title='bbox 318 2972 406 3030; x_wconf 86' lang='lat' dir='ltr'><strong>fortes</strong></span> <span class='ocrx_word' id='word_1_255' title='bbox 427 2992 505 3048; x_wconf 88' lang='lat' dir='ltr'><strong>saepe</strong></span> <span class='ocrx_word' id='word_1_256' title='bbox 529 2973 613 3030; x_wconf 87' lang='lat' dir='ltr'><strong>etiam</strong></span> <span class='ocrx_word' id='word_1_257' title='bbox 634 2972 753 3030; x_wconf 90' lang='lat' dir='ltr'><strong>libenter</strong></span> <span class='ocrx_word' id='word_1_258' title='bbox 776 2974 983 3050; x_wconf 86' lang='lat' dir='ltr'><strong>appetiverunt.</strong></span> <span class='ocrx_word' id='word_1_259' title='bbox 1035 2976 1155 3032; x_wconf 85' lang='lat' dir='ltr'><strong>Vincula</strong></span> 
     </span>
     <span class='ocr_line' id='line_1_35' title="bbox 208 3051 1155 3129; baseline 0.004 -23"><span class='ocrx_word' id='word_1_260' title='bbox 208 3069 283 3117; x_wconf 90' lang='lat' dir='ltr'><strong>vero,</strong></span> <span class='ocrx_word' id='word_1_261' title='bbox 298 3058 328 3108; x_wconf 93' lang='lat' dir='ltr'><strong>et</strong></span> <span class='ocrx_word' id='word_1_262' title='bbox 340 3070 374 3108; x_wconf 84' lang='lat' dir='ltr'><strong>ea</strong></span> <span class='ocrx_word' id='word_1_263' title='bbox 388 3051 565 3129; x_wconf 78' lang='lat' dir='ltr'><strong>sempiterna,</strong></span> <span class='ocrx_word' id='word_1_264' title='bbox 581 3061 657 3109; x_wconf 86' lang='lat' dir='ltr'><strong>certe</strong></span> <span class='ocrx_word' id='word_1_265' title='bbox 671 3051 708 3108; x_wconf 87' lang='lat' dir='ltr'><strong>ad</strong></span> <span class='ocrx_word' id='word_1_266' title='bbox 730 3051 900 3129; x_wconf 86' lang='lat' dir='ltr'><strong>singularem</strong></span> <span class='ocrx_word' id='word_1_267' title='bbox 923 3073 1037 3129; x_wconf 84' lang='lat' dir='ltr'><strong>poenam</strong></span> <span class='ocrx_word' id='word_1_268' title='bbox 1058 3054 1155 3111; x_wconf 83' lang='lat' dir='ltr'><strong>nefarii</strong></span> 
     </span>
     <span class='ocr_line' id='line_1_36' title="bbox 160 3129 1154 3208; baseline 0.002 -21"><span class='ocrx_word' id='word_1_269' title='bbox 160 3135 197 3187; x_wconf 84' lang='grc'><strong>35</strong></span> <span class='ocrx_word' id='word_1_270' title='bbox 208 3129 321 3186; x_wconf 90' lang='lat' dir='ltr'><strong>sceleris</strong></span> <span class='ocrx_word' id='word_1_271' title='bbox 334 3130 446 3188; x_wconf 86' lang='lat' dir='ltr'><strong>inventa</strong></span> <span class='ocrx_word' id='word_1_272' title='bbox 460 3138 533 3187; x_wconf 90' lang='lat' dir='ltr'><strong>sunt.</strong></span> <span class='ocrx_word' id='word_1_273' title='bbox 575 3130 732 3207; x_wconf 90' lang='lat' dir='ltr'><strong>Municipiis</strong></span> <span class='ocrx_word' id='word_1_274' title='bbox 750 3130 890 3207; x_wconf 86' lang='lat' dir='ltr'><strong>dispertiri</strong></span> <span class='ocrx_word' id='word_1_275' title='bbox 908 3132 998 3208; x_wconf 81' lang='lat' dir='ltr'><strong>jubet.</strong></span> <span class='ocrx_word' id='word_1_276' title='bbox 1041 3130 1154 3189; x_wconf 85' lang='lat' dir='ltr'><strong>Habere</strong></span> 
     </span>
     <span class='ocr_line' id='line_1_37' title="bbox 208 3206 1153 3285; baseline 0.004 -22"><span class='ocrx_word' id='word_1_277' title='bbox 208 3206 320 3265; x_wconf 89' lang='lat' dir='ltr'><strong>videtur</strong></span> <span class='ocrx_word' id='word_1_278' title='bbox 333 3208 387 3266; x_wconf 87' lang='lat' dir='ltr'><strong>ista</strong></span> <span class='ocrx_word' id='word_1_279' title='bbox 400 3228 445 3266; x_wconf 89' lang='lat' dir='ltr'><strong>res</strong></span> <span class='ocrx_word' id='word_1_280' title='bbox 459 3209 643 3285; x_wconf 89' lang='lat' dir='ltr'><strong>iniquitatem,</strong></span> <span class='ocrx_word' id='word_1_281' title='bbox 658 3209 681 3266; x_wconf 92' lang='lat' dir='ltr'><strong>si</strong></span> <span class='ocrx_word' id='word_1_282' title='bbox 701 3209 839 3285; x_wconf 86' lang='lat' dir='ltr'><strong>imperare</strong></span> <span class='ocrx_word' id='word_1_283' title='bbox 853 3209 929 3275; x_wconf 92' lang='lat' dir='ltr'><strong>velis,</strong></span> <span class='ocrx_word' id='word_1_284' title='bbox 951 3210 1153 3278; x_wconf 82' lang='lat' dir='ltr'><strong>difficultatem,</strong></span> 
     </span>
     <span class='ocr_line' id='line_1_38' title="bbox 209 3285 1155 3376; baseline 0.003 -33"><span class='ocrx_word' id='word_1_285' title='bbox 209 3285 232 3343; x_wconf 94' lang='lat' dir='ltr'><strong>si</strong></span> <span class='ocrx_word' id='word_1_286' title='bbox 256 3305 363 3364; x_wconf 89' lang='lat' dir='ltr'><strong>rogare.</strong></span> <span class='ocrx_word' id='word_1_287' title='bbox 415 3288 590 3376; x_wconf 62' lang='lat' dir='ltr'><strong>DQr</strong></span> <span class='ocrx_word' id='word_1_288' title='bbox 619 3296 722 3354; x_wconf 85' lang='lat' dir='ltr'><strong>tamen,</strong></span> <span class='ocrx_word' id='word_1_289' title='bbox 745 3287 768 3343; x_wconf 90' lang='lat' dir='ltr'><strong>si</strong></span> <span class='ocrx_word' id='word_1_290' title='bbox 792 3286 893 3362; x_wconf 86' lang='lat' dir='ltr'><strong>placet.</strong></span> <span class='ocrx_word' id='word_1_291' title='bbox 937 3295 962 3345; x_wconf 82' lang='lat'><strong>8.</strong></span> <span class='ocrx_word' id='word_1_292' title='bbox 995 3289 1057 3365; x_wconf 88' lang='lat' dir='ltr'><strong>Ego</strong></span> <span class='ocrx_word' id='word_1_293' title='bbox 1081 3289 1155 3346; x_wconf 89' lang='lat' dir='ltr'><strong>enim</strong></span> 
     </span>
     <span class='ocr_line' id='line_1_39' title="bbox 209 3362 1154 3444; baseline 0.002 -23"><span class='ocrx_word' id='word_1_294' title='bbox 209 3362 359 3441; x_wconf 86' lang='lat' dir='ltr'><strong>suscipiam</strong></span> <span class='ocrx_word' id='word_1_295' title='bbox 373 3373 411 3433; x_wconf 87' lang='lat' dir='ltr'><strong>ct,</strong></span> <span class='ocrx_word' id='word_1_296' title='bbox 421 3374 453 3423; x_wconf 93' lang='lat' dir='ltr'><strong>ut</strong></span> <span class='ocrx_word' id='word_1_297' title='bbox 466 3385 558 3442; x_wconf 86' lang='lat' dir='ltr'><strong>spero,</strong></span> <span class='ocrx_word' id='word_1_298' title='bbox 569 3366 717 3444; x_wconf 81' lang='lat' dir='ltr'><strong>reperiam,</strong></span> <span class='ocrx_word' id='word_1_299' title='bbox 728 3364 776 3442; x_wconf 93' lang='lat' dir='ltr'><strong>qui</strong></span> <span class='ocrx_word' id='word_1_300' title='bbox 784 3364 821 3430; x_wconf 94' lang='lat' dir='ltr'><strong>id,</strong></span> <span class='ocrx_word' id='word_1_301' title='bbox 833 3365 909 3440; x_wconf 92' lang='lat' dir='ltr'><strong>quod</strong></span> <span class='ocrx_word' id='word_1_302' title='bbox 919 3366 1016 3422; x_wconf 84' lang='lat' dir='ltr'><strong>salutis</strong></span> <span class='ocrx_word' id='word_1_303' title='bbox 1030 3368 1154 3424; x_wconf 91' lang='lat' dir='ltr'><strong>omnium</strong></span> 
     </span>
     <span class='ocr_line' id='line_1_40' title="bbox 209 3440 1152 3526; baseline 0 -25"><span class='ocrx_word' id='word_1_304' title='bbox 209 3461 294 3501; x_wconf 81' lang='lat' dir='ltr'><strong>causa</strong></span> <span class='ocrx_word' id='word_1_305' title='bbox 314 3444 474 3510; x_wconf 84' lang='lat' dir='ltr'><strong>statueritis,</strong></span> <span class='ocrx_word' id='word_1_306' title='bbox 500 3464 555 3501; x_wconf 94' lang='lat' dir='ltr'><strong>non</strong></span> <span class='ocrx_word' id='word_1_307' title='bbox 577 3451 667 3526; x_wconf 60' lang='lat' dir='ltr'>Q</span> <span class='ocrx_word' id='word_1_308' title='bbox 683 3462 745 3500; x_wconf 88' lang='lat' dir='ltr'><strong>esse</strong></span> <span class='ocrx_word' id='word_1_309' title='bbox 766 3461 824 3499; x_wconf 89' lang='lat' dir='ltr'><strong>suae</strong></span> <span class='ocrx_word' id='word_1_310' title='bbox 848 3443 991 3519; x_wconf 87' lang='lat' dir='ltr'><strong>dignitatis</strong></span> <span class='ocrx_word' id='word_1_311' title='bbox 1015 3440 1152 3503; x_wconf 86' lang='lat' dir='ltr'><strong>recusare.</strong></span> 
     </span>
     <span class='ocr_line' id='line_1_41' title="bbox 160 3520 1154 3600; baseline 0.001 -22"><span class='ocrx_word' id='word_1_312' title='bbox 160 3525 198 3578; x_wconf 84' lang='lat'><strong>40</strong></span> <span class='ocrx_word' id='word_1_313' title='bbox 209 3521 353 3600; x_wconf 87' lang='lat' dir='ltr'><strong>Adjungit</strong></span> <span class='ocrx_word' id='word_1_314' title='bbox 366 3540 481 3599; x_wconf 86' lang='lat' dir='ltr'><strong>gravem</strong></span> <span class='ocrx_word' id='word_1_315' title='bbox 496 3541 610 3598; x_wconf 81' lang='lat' dir='ltr'><strong>poenam</strong></span> <span class='ocrx_word' id='word_1_316' title='bbox 631 3520 795 3596; x_wconf 86' lang='lat' dir='ltr'><strong>municipiis,</strong></span> <span class='ocrx_word' id='word_1_317' title='bbox 811 3521 834 3576; x_wconf 89' lang='lat' dir='ltr'><strong>si</strong></span> <span class='ocrx_word' id='word_1_318' title='bbox 856 3522 918 3596; x_wconf 90' lang='lat' dir='ltr'><strong>quis</strong></span> <span class='ocrx_word' id='word_1_319' title='bbox 933 3538 1030 3576; x_wconf 90' lang='lat' dir='ltr'><strong>eorum</strong></span> <span class='ocrx_word' id='word_1_320' title='bbox 1045 3521 1154 3578; x_wconf 85' lang='lat' dir='ltr'><strong>vincula</strong></span> 
     </span>
     <span class='ocr_line' id='line_1_42' title="bbox 209 3597 1154 3676; baseline 0.001 -20"><span class='ocrx_word' id='word_1_321' title='bbox 209 3599 333 3676; x_wconf 89' lang='lat' dir='ltr'><strong>ruperit;</strong></span> <span class='ocrx_word' id='word_1_322' title='bbox 364 3600 511 3657; x_wconf 85' lang='lat' dir='ltr'><strong>horribiles</strong></span> <span class='ocrx_word' id='word_1_323' title='bbox 535 3598 677 3656; x_wconf 87' lang='lat' dir='ltr'><strong>custodias</strong></span> <span class='ocrx_word' id='word_1_324' title='bbox 700 3597 856 3654; x_wconf 90' lang='lat' dir='ltr'><strong>circumdat</strong></span> <span class='ocrx_word' id='word_1_325' title='bbox 880 3606 909 3654; x_wconf 86' lang='lat' dir='ltr'><strong>et</strong></span> <span class='ocrx_word' id='word_1_326' title='bbox 936 3597 1022 3676; x_wconf 83' lang='lat' dir='ltr'><strong>digna</strong></span> <span class='ocrx_word' id='word_1_327' title='bbox 1049 3599 1154 3658; x_wconf 81' lang='lat' dir='ltr'><strong>scelere</strong></span> 
     </span>
     <span class='ocr_line' id='line_1_43' title="bbox 209 3666 1155 3753; baseline -0.002 -18"><span class='ocrx_word' id='word_1_328' title='bbox 209 3678 353 3735; x_wconf 92' lang='lat' dir='ltr'><strong>hominum</strong></span> <span class='ocrx_word' id='word_1_329' title='bbox 375 3678 549 3753; x_wconf 90' lang='lat' dir='ltr'><strong>perditorum</strong></span> <span class='ocrx_word' id='word_1_330' title='bbox 571 3677 667 3742; x_wconf 86' lang='lat' dir='ltr'><strong>sancit,</strong></span> <span class='ocrx_word' id='word_1_331' title='bbox 689 3694 724 3732; x_wconf 93' lang='lat' dir='ltr'><strong>ne</strong></span> <span class='ocrx_word' id='word_1_332' title='bbox 746 3675 808 3751; x_wconf 91' lang='lat' dir='ltr'><strong>quis</strong></span> <span class='ocrx_word' id='word_1_333' title='bbox 826 3694 921 3732; x_wconf 91' lang='lat' dir='ltr'><strong>eorum</strong></span> <span class='ocrx_word' id='word_1_334' title='bbox 945 3666 1155 3753; x_wconf 55' lang='lat' dir='ltr'><strong>poenam&#39;ss&#39;ffir&#39;ds</strong></span> 
     </span>
     <span class='ocr_line' id='line_1_44' title="bbox 210 3753 1153 3837; baseline -0.002 -23"><span class='ocrx_word' id='word_1_335' title='bbox 210 3757 446 3823; x_wconf 73' lang='lat' dir='ltr'><strong>condemnatam</strong></span> <span class='ocrx_word' id='word_1_336' title='bbox 460 3774 512 3833; x_wconf 86' lang='lat' dir='ltr'><strong>per</strong></span> <span class='ocrx_word' id='word_1_337' title='bbox 525 3763 654 3814; x_wconf 87' lang='lat' dir='ltr'><strong>senatum</strong></span> <span class='ocrx_word' id='word_1_338' title='bbox 663 3761 713 3812; x_wconf 87' lang='lat' dir='ltr'><strong>aut</strong></span> <span class='ocrx_word' id='word_1_339' title='bbox 727 3773 778 3832; x_wconf 89' lang='lat' dir='ltr'><strong>per</strong></span> <span class='ocrx_word' id='word_1_340' title='bbox 792 3753 929 3831; x_wconf 91' lang='lat' dir='ltr'><strong>populum</strong></span> <span class='ocrx_word' id='word_1_341' title='bbox 944 3754 1153 3837; x_wconf 53' lang='lat' dir='ltr'><strong>levarepoQ</strong></span> 
     </span>
     <span class='ocr_line' id='line_1_45' title="bbox 210 3833 1156 3914; baseline 0 -20"><span class='ocrx_word' id='word_1_342' title='bbox 210 3835 292 3914; x_wconf 88' lang='lat' dir='ltr'><strong>eripit</strong></span> <span class='ocrx_word' id='word_1_343' title='bbox 313 3835 398 3894; x_wconf 83' lang='lat' dir='ltr'><strong>etiam</strong></span> <span class='ocrx_word' id='word_1_344' title='bbox 414 3853 503 3913; x_wconf 88' lang='lat' dir='ltr'><strong>spem,</strong></span> <span class='ocrx_word' id='word_1_345' title='bbox 518 3853 583 3912; x_wconf 85' lang='lat' dir='ltr'><strong>quae</strong></span> <span class='ocrx_word' id='word_1_346' title='bbox 608 3834 669 3892; x_wconf 81' lang='lat' dir='ltr'><strong>sola</strong></span> <span class='ocrx_word' id='word_1_347' title='bbox 681 3833 808 3893; x_wconf 91' lang='lat' dir='ltr'><strong>homines</strong></span> <span class='ocrx_word' id='word_1_348' title='bbox 829 3835 858 3893; x_wconf 93' lang='lat' dir='ltr'><strong>in</strong></span> <span class='ocrx_word' id='word_1_349' title='bbox 878 3834 994 3893; x_wconf 82' lang='lat' dir='ltr'><strong>miseriis</strong></span> <span class='ocrx_word' id='word_1_350' title='bbox 1018 3834 1156 3901; x_wconf 79' lang='lat' dir='ltr'><strong>consolari</strong></span> 
     </span>
    </p>
   </div>
   <div class='ocr_carea' id='block_1_5' title="bbox 0 0 1376 4384">
    <p class='ocr_par' dir='ltr' id='par_1_6' title="bbox 0 0 1376 4384">
     <span class='ocr_line' id='line_1_46' title="bbox 0 0 1376 4384; baseline 0 2"><span class='ocrx_word' id='word_1_351' title='bbox 0 0 1376 4384; x_wconf 95' lang='lat' dir='ltr'><strong> </strong></span> 
     </span>
    </p>
   </div>
  </div>
 </body>
</html>
