2742 4384
1083 108 1281 165 ιζ--ι

451 286 810 357 emesam-a
1111 272 1151 343 sc

149 425 246 477 tamen
258 416 462 476 exercitatione
474 417 638 474 robustum:
660 435 718 492 quo
732 435 766 473 er
786 432 889 494 genere
903 416 955 473 iste
969 424 1013 473 est
1030 415 1101 473 bial-

149 498 212 564 lius,
231 497 277 555 cui
296 515 372 553 nuno
396 493 518 551 Catilina
540 494 675 551 succedit.
719 495 756 551 Hi
776 504 842 551 sunt
864 495 989 551 homines
1009 514 1044 553 ex
1069 495 1102 553 iia

150 558 280 642 colonus:
290 593 361 651 quas
381 573 501 630 Faesulis
514 573 595 629 Sulla
608 572 770 630 constituit:
792 592 863 649 quas
883 593 938 650 ego
959 574 1101 631 universas

150 655 253 712 civium
277 672 340 710 esse
364 651 535 727 optimorum
559 660 589 708 et
611 651 827 709 fortissimorum
848 652 969 708 virorum
995 653 1099 709 sentio:

150 733 201 790 sed
216 741 312 789 tamen
333 730 363 787 hi
384 738 452 786 sunt
465 730 562 795 coloni,
576 728 625 806 qui
637 722 886 806 ”seiri-insperatis
902 749 935 787 oc
950 750 980 787 re
1019 731 1129 789 crinin

150 810 277 888 pecuniis
299 809 495 885 sumptuosius
516 808 734 882 insolentiusque
759 809 909 885 jactarunt
996 810 1002 820 '
1030 810 1100 868 dum

149 890 301 956 aedificant,
325 897 471 964 tamquam
495 887 579 955 beati,
605 886 675 944 dum
702 886 824 964 prandiis,
849 887 961 953 lecticis,
991 889 1100 946 familiis

149 968 270 1046 magnis,
282 966 415 1025 conviviis
423 965 567 1043 apparatis
575 966 760 1031 delectantur,
772 966 917 1023 intantum
928 985 968 1023 res
978 967 1100 1025 alienum

149 1046 317 1114 inciderunt,
331 1053 373 1111 ut,
388 1045 413 1102 si
426 1045 496 1101 salvi
515 1063 577 1102 esse
590 1044 683 1111 velint,
699 1044 780 1102 Sulla
793 1045 829 1102 sit
848 1045 879 1102 iis
892 1046 930 1102 ab
944 1046 1037 1103 inieris
1051 1065 1099 1103 ex·

150 1126 291 1183 citandus.
339 1123 501 1193 Quietum
522 1112 673 1181 nonnullo?
690 1132 825 1203 agrestes,
851 1124 977 1181 homines
1000 1133 1100 1183 tennes
1112 1122 1149 1177 lo

151 1211 238 1280 atque
261 1211 387 1282 egentes,
412 1203 443 1260 in
462 1201 581 1259 eandem
594 1202 670 1261 illam
689 1221 770 1279 spem
792 1202 952 1279 rapinarum
974 1213 1100 1261 veterum

149 1282 346 1360 impulerunt;
366 1300 438 1357 quos
452 1300 515 1359 ego,
537 1281 666 1350 Quirites,
682 1281 710 1338 in
724 1280 825 1338 eodem
842 1299 945 1359 genere
955 1283 1099 1359 praedato-

149 1381 213 1419 mm
233 1361 469 1437 direptorumque
488 1378 571 1436 pono.
612 1360 671 1417 Sed
693 1379 742 1417 eos
762 1359 816 1417 hoc
831 1378 949 1417 moneo:
971 1361 1101 1435 desinant

149 1440 243 1498 furere
257 1447 288 1497 et
301 1438 520 1515 proscriptiones
533 1447 563 1496 et
577 1438 732 1496 dictaturas
746 1439 877 1515 cogitare.
907 1439 1012 1496 Tantus
1026 1440 1100 1497 enirn

149 1519 262 1577 illorum
274 1525 440 1595 temporum
453 1517 534 1573 dolor
546 1516 655 1574 inustus
669 1526 714 1575 est
727 1517 839 1583 civitati,
854 1526 887 1575 ut
902 1518 962 1597 jam
977 1519 1031 1576 ista
1044 1517 1148 1576 non15

148 1598 235 1655 modo
257 1597 395 1664 homines,
410 1595 462 1653 scd
482 1613 518 1653 ne
539 1596 664 1674 pecudes
684 1596 799 1673 quidem
812 1596 880 1654 mihi
898 1616 1025 1675 passura
1038 1588 1100 1657 essi

70 1676 314 2044 figi
337 1753 485 1843 Quartum
499 1771 590 1830 genus
605 1760 649 1811 est
672 1772 740 1811 sane
753 1754 861 1813 varium
876 1763 906 1813 et
928 1754 1047 1812 mixtum
1071 1761 1101 1813 et

148 1834 364 1900 turbulentum
399 1831 448 1909 qui
472 1832 643 1909 jampridem
671 1843 846 1910 premuntur,
875 1834 924 1909 qui
954 1852 1099 1909 uunquam

97 1898 106 1909 ⁵
119 1906 317 1991 homagium
338 1911 389 1988 qui
402 1911 505 1987 partim
518 1911 624 1979 inertia,
635 1912 739 1989 partim
752 1912 826 1969 male
840 1912 965 1992 gere-pio
975 1912 1098 1993 pegqtio
1111 1909 1149 1963 20

120 1992 254 2070 ⁴„prrrtim
268 1992 354 2049 etiam
368 1989 530 2065 sumptibus
549 1990 578 2047 in
591 2000 687 2048 vetere
700 2009 756 2047 aere
769 1982 1030 2056 alieno'incillant;
1051 1984 1099 2066 qui

149 2070 327 2138 vadimoniis,
344 2068 465 2147 judiciis,
494 2069 744 2147 proscriptionibus
776 2070 915 2127 bonorum
942 2069 1098 2147 defatigati,

187 2150 286 2206 rmulti
298 2157 327 2207 et
341 2168 377 2205 ex
390 2148 462 2205 urbe
475 2155 505 2205 et
518 2166 554 2206 ox
567 2148 641 2226 agris
659 2167 691 2206 se
703 2147 731 2205 in
744 2147 792 2206 illa
805 2156 898 2211 castra
911 2149 1037 2217 conterre
1058 2147 1099 2206 di·

139 2228 264 2303 cuntur,
305 2228 400 2285 Hcsce
415 2246 470 2304 ego
482 2245 538 2283 non
551 2232 610 2284 tam
620 2227 721 2284 milites
735 2245 823 2295 acres,
838 2245 924 2303 quarn
938 2227 1100 2285 infitiatores

32 2300 40 2309 '
137 2302 245 2364 'lentim
269 2325 330 2363 esse
348 2306 478 2363 arbitror.
529 2305 585 2375 Qui
606 2306 736 2368 homines
756 2306 880 2383 primum
902 2305 925 2363 si
945 2313 1019 2363 stare
1043 2325 1099 2364 uon
1111 2305 1148 2360 25

148 2393 283 2463 possunt,
306 2391 453 2442 corruant:
478 2383 529 2441 sed
549 2385 598 2451 ita,
622 2392 733 2442 utnon
755 2385 840 2442 modo
861 2385 967 2451 civitas,
990 2385 1041 2442 sed
1065 2403 1100 2443 ne

148 2464 234 2522 vicini
256 2464 370 2540 quidem
390 2463 510 2555 pffli
533 2463 662 2522 sentiant.
705 2463 781 2521 Nam
801 2463 873 2522 illud
895 2482 950 2521 non
963 2464 1098 2542 intelligo,

149 2544 346 2620 quamobrem,
360 2543 384 2599 si
396 2560 490 2599 vivere
509 2542 627 2600 honeste
646 2561 703 2600 non
726 2550 852 2620 possunt,
868 2543 957 2620 perire
979 2545 1101 2620 turpiter

149 2623 248 2691 velint,
263 2630 314 2678 aut
327 2641 378 2680 our
390 2621 497 2678 minore
510 2620 608 2678 dolore
618 2621 758 2699 perituros
771 2640 802 2679 se
816 2641 881 2679 cum
893 2622 998 2688 multis,
1014 2641 1100 2698 quam

149 2685 247 2758 si‘soii
268 2707 393 2777 pereant,
409 2699 586 2758 arbitrentur.
627 2707 676 2757 22.
697 2701 833 2769 Quintum
851 2720 941 2778 genus
954 2708 999 2757 est
1012 2700 1099 2778 parri·
1110 2698 1149 2752 30

150 2779 290 2845 cidarum,
308 2779 481 2845 sicariorum,
495 2778 615 2855 denique
634 2778 760 2836 omnium
773 2779 1007 2845 famacresorum
1028 2798 1100 2855 quos

150 2877 204 2936 ego
220 2876 237 2915 a
251 2858 374 2915 Catilina
383 2876 441 2915 non
454 2875 573 2925 ruvoo03
594 2876 661 2914 nam
668 2876 759 2934 neque
773 2858 867 2915 divelli
875 2858 912 2915 ab
921 2877 956 2916 eo
970 2866 1098 2935 possunt,

40 3008 45 3013 .
150 2945 180 2994 et
193 2945 313 3027 pffieant
327 2925 396 2994 sane
408 2935 438 2993 in
451 2936 601 3005 latrocinio,
616 2936 747 3012 quoniam
762 2944 829 2994 sunt
848 2937 888 2994 ita
900 2937 989 3003 multi,
1004 2945 1038 2994 ut
1051 2955 1100 2994 eos

46 3041 50 3049 ·
141 3033 247 3089 ‚carcer
267 3034 372 3092 capere
392 3033 449 3071 non
470 3015 567 3091 possit.
608 3015 795 3075 ,Postremum
818 3022 914 3072 autem
932 3035 1023 3093 genus
1046 3022 1099 3082 est,

150 3113 206 3151 nou
220 3095 314 3151 solum
327 3111 455 3161 numero,
467 3093 659 3150 verumetiam
672 3112 776 3171 genere
789 3094 851 3170 ipso
861 3100 946 3169 atque
951 3093 1018 3161 vita,
1023 3093 1100 3170 qnod
1111 3095 1149 3149 35

110 3184 130 3223 Ἀ
145 3174 298 3251 proprium
314 3172 443 3230 Catilinae
456 3180 508 3238 est,
523 3172 560 3229 de
573 3171 636 3247 ejus
653 3172 774 3240 delectu,
788 3174 875 3230 immo
888 3191 955 3229 vero
968 3173 1005 3229 de
1024 3192 1100 3229 com-

9 3276 18 3283 ·
57 3252 238 3330 &alapiona
251 3251 315 3328 ejus
329 3271 363 3309 ac
379 3250 442 3327 sinu
450 3271 456 3318 ;
477 3270 548 3326 quos
562 3268 636 3335 PE?
650 3251 760 3328 capillo,
775 3250 878 3325 nitidos
896 3260 946 3307 aut
960 3251 1101 3308 imberbes
1124 3247 1136 3289 ¹·
1156 3258 1225 3315 ,υἷϊ

151 3338 201 3388 aut
214 3332 289 3389 bene
303 3330 440 3388 barbatos
456 3330 565 3396 videtis,
579 3329 725 3387 manicatis
739 3337 768 3387 et
780 3329 917 3387 talaribus
930 3328 1039 3398 tunicis,
1054 3348 1101 3388 ve·
1127 3330 1141 3389 '.

151 3408 185 3466 lis
198 3410 328 3475 amictos,
342 3427 400 3465 non
421 3408 511 3486 tog'is3
531 3427 652 3484 quorum
670 3408 759 3471 omnis
778 3408 915 3466 industria
948 3409 994 3465 'tae
1014 3416 1044 3466 et
1061 3408 1101 3465 vi·

120 3487 257 3574 L,pgilaudi
277 3488 361 3547 labor
377 3486 407 3542 in
420 3487 591 3573 antelucanis
612 3487 699 3543 coenis
717 3486 899 3563 expromitur.
941 3494 987 3544 23.
1010 3488 1045 3544 In
1058 3484 1151 3543 histo

114 3588 117 3593 ¹
153 3567 288 3643 gregibus
313 3583 414 3623 omnes
434 3562 581 3631 aleatores,
604 3583 702 3622 omnes
725 3565 854 3631 adulteri,
880 3584 976 3622 omnes
999 3564 1103 3642 impuri

154 3644 345 3722 impudicique
358 3651 516 3700 versantur.
557 3644 597 3700 Hi
610 3643 691 3720 pueri
704 3651 763 3700 tam
777 3643 864 3720 lepidi
876 3661 910 3701 ao
920 3644 1033 3701 delicati
1045 3662 1103 3700 non

155 3723 244 3780 solum
258 3741 357 3779 amare
371 3728 401 3778 et
417 3722 512 3788 amari,
526 3740 618 3798 neque
631 3730 745 3780 cantare
759 3729 789 3780 et
809 3722 937 3798 psallere,
952 3722 1003 3780 sed
1017 3722 1102 3778 ctiam

155 3800 225 3859 acas
237 3802 352 3861 vibrare
363 3807 394 3857 et
406 3818 540 3879 spargere
553 3818 662 3859 venena
673 3800 849 3868 didicenunt5
869 3801 917 3877 qui
926 3800 979 3859 nisi
989 3805 1102 3869 exeunt,
1149 3790 1159 3807 ⁶
1178 3800 1182 3849 ι’
1198 3830 1200 3835 -
1222 3836 1224 3845 .

415 4045 439 4099 3⁴.
461 4056 646 4181 bmrpttul‘
664 4060 742 4131 mii·
765 4092 778 4123 ι.
790 4080 924 4155 roasrpwt‘
933 4046 969 4107 ‘⁸¹¹'-

711 4218 730 4249 0
