2742 4384
202 326 240 382 82
668 336 776 378 orario

287 467 389 544 Itaque
402 485 471 524 num
490 466 542 525 tibi
554 466 652 525 videor
671 466 700 523 in
714 484 800 524 causa
819 466 924 543 Ligarii
938 485 1001 525 esse
1014 470 1195 546 occupatus?

247 565 317 603 num
337 547 372 604 de
387 547 449 623 ejus
469 547 545 603 iacto
559 546 674 603 dicere?
716 545 860 621 Quidquid
875 546 940 613 dixi,
956 548 993 603 ad
1012 567 1097 604 unam
1119 568 1195 606 sum·

247 644 322 681 mam
337 626 434 683 referri
448 626 512 681 volo
525 625 570 681 rel
590 625 772 681 humanitatis
785 625 831 681 vel
851 625 1008 683 clementiae
1022 627 1067 683 vel
1088 628 1193 685 miseri·

247 703 361 761 cordiae.
404 711 449 761 30.
472 703 588 770 Causas,
605 703 710 769 Caesar,
726 703 772 781 egi
791 703 904 769 multas,
919 705 1076 780 etquidem
1091 714 1193 772 tecum,

220 782 316 841 ltdum
329 790 358 839 te
372 783 399 838 in
413 782 475 839 foro
485 781 575 838 tenuit
585 781 656 837 ratio
669 782 808 838 honorum
818 789 944 848 tuorum;
966 792 1043 840 certe
1051 802 1195 861 nunquam

247 861 300 917 boc
323 861 424 918 modo:
456 861 601 933 Ignoscite,
618 860 729 934 judices
739 881 752 931 ;
780 863 904 932 errauit;
934 862 1109 935 lapsurae&
1139 883 1195 920 aon

241 942 374 1013 putavit:
394 942 555 1013 nunquam
563 941 684 1013 poatlruc.
727 938 818 1016 Apud
833 947 977 1016 parentem
992 942 1030 998 sic
1047 941 1094 1019 agi
1108 944 1192 999 solet:

247 1018 283 1074 ad
305 1019 424 1095 judices
449 1019 519 1075 Non
532 1021 610 1094 fecit,
638 1038 693 1074 non
717 1019 864 1091 cogitavi&
887 1020 962 1092 falsi
985 1029 1067 1086 testea,
1090 1022 1193 1095 fictum
1302 1062 1305 1067 -

246 1099 354 1154 crimen.
397 1097 449 1154 Dic
476 1104 513 1163 te,
540 1097 643 1163 Oaesar,
669 1096 705 1153 de
732 1096 809 1153 facto
837 1097 940 1174 Ligarii
964 1099 1091 1175 judicem
1114 1119 1191 1157 esse:

200 1176 349 1251 10quibus
368 1176 396 1233 in
414 1175 549 1253 presidiis
568 1175 661 1241 fuerit,
676 1193 779 1250 quare.
821 1175 929 1243 Taceo;
951 1196 986 1234 ne
1000 1178 1063 1234 baec
1078 1177 1192 1255 quidem

246 1256 355 1333 colligo,
366 1273 432 1331 quae
445 1255 564 1312 fortasse
578 1256 704 1312 valerent
719 1254 803 1311 etiam
818 1255 895 1331 apud
907 1256 1033 1332 judicem
1045 1277 1052 1323 ;
1075 1267 1092 1289 ‘⁶
1102 1258 1193 1335 Lega-

245 1342 292 1389 tus
307 1343 371 1390 ante
386 1333 492 1390 bellum
507 1334 660 1409 profectus,
675 1332 789 1389 relictus
803 1333 831 1389 in
846 1351 925 1410 pace,
941 1334 1016 1390 bello
1030 1354 1192 1411 oppressus,

246 1411 274 1468 in
288 1430 321 1467 eo
336 1411 397 1487 ipsc
411 1430 467 1467 non
481 1412 609 1478 acerbus,
621 1410 634 1487 t
651 1417 729 1468 totus
743 1410 836 1468 animo
851 1430 884 1468 ac
899 1411 994 1468 studio
1007 1412 1103 1469 tuus.'’
1144 1412 1193 1470 Ad

246 1489 371 1566 judicem
380 1489 419 1546 sic
429 1492 475 1568 agi
488 1491 576 1557 solet;
597 1490 647 1548 sed
662 1509 717 1568 ego
728 1490 764 1547 ad
780 1500 927 1568 parentem
935 1492 1050 1569 loquor:
1072 1493 1191 1561 Erravit,

203 1574 238 1627 15
249 1577 353 1625 temere
366 1567 441 1634 fecit,
456 1569 591 1646 poenitet:
613 1569 650 1625 ad
664 1570 843 1627 clementiam
852 1581 932 1626 tuam
946 1571 1086 1649 coniugio,
1098 1571 1194 1629 delicti

248 1647 357 1703 veniam
372 1655 455 1724 petc;
476 1656 509 1703 ut
527 1648 664 1725 ignoscas,
680 1666 737 1705 oro.
780 1647 810 1705 Si
830 1668 913 1705 nemo
935 1649 1103 1726 impetravit,
1118 1669 1193 1707 arro·

247 1732 366 1803 ganter;
387 1725 410 1782 si
432 1726 553 1803 plurimi,
578 1736 612 1782 tu
634 1725 710 1782 idem
728 1727 771 1783 fer
791 1746 884 1804 opem,
906 1728 954 1803 qui
977 1745 1058 1805 spem
1083 1728 1192 1787 dedisti.

248 1811 294 1862 31.
317 1805 365 1860 An
379 1804 510 1881 sperandi
524 1804 636 1882 Ligario
650 1823 736 1861 causa
749 1823 805 1861 non
819 1806 863 1871 sit,
878 1824 967 1881 quum
980 1806 1049 1862 mihi
1067 1807 1143 1883 apud
1164 1815 1194 1864 te

248 1884 326 1941 locus
346 1883 382 1939 sit
396 1883 480 1940 etiam
501 1902 553 1960 pro
567 1884 656 1940 altero
676 1883 869 1959 depredandi?
911 1885 1089 1960 Quamquam
1103 1903 1194 1960 neque

201 1968 239 2020 20
248 1963 275 2019 in
289 1962 343 2019 hac
358 1962 483 2020 oratione
501 1980 566 2037 spes
580 1970 624 2019 est
645 1963 737 2038 posita
750 1980 843 2019 causae
858 1981 910 2019 nec
930 1963 959 2020 in
972 1981 1071 2019 eorum
1084 1963 1193 2029 studiis,

248 2041 296 2119 qui
310 2059 327 2095 a
341 2048 369 2097 te
384 2060 435 2117 pro
449 2040 561 2116 Ligario
575 2048 683 2116 petunt,
700 2041 741 2097 tui
755 2041 911 2098 necessarii.

288 2120 340 2176 XI.
362 2119 430 2176 Vidi
443 2120 516 2175 enim
530 2125 559 2175 et
580 2119 706 2195 cognovi,
722 2119 790 2194 quid
805 2120 925 2177 maxime
939 2126 1089 2196 spectares,
1106 2137 1194 2195 quum

250 2218 301 2275 pro
322 2198 440 2274 alicujus
461 2198 551 2254 salute
571 2197 651 2253 multi
673 2197 850 2254 laborarent:
880 2217 979 2255 causas
994 2198 1071 2275 apud
1094 2207 1124 2254 te
1149 2217 1195 2254 ro-

249 2277 376 2354 gantium
391 2276 571 2354 gratiosiores
585 2294 646 2332 esse
667 2294 752 2351 quam
768 2277 880 2332 vultus:
901 2295 993 2353 neque
1012 2284 1042 2333 te
1056 2285 1194 2353 spectare,

202 2362 335 2431 25quam
358 2364 425 2412 tuus
447 2362 522 2411 esset
545 2355 717 2411 necessarius
741 2355 773 2421 is,
793 2355 841 2430 qui
864 2363 894 2411 te
914 2364 1015 2422 oraret,
1037 2355 1088 2411 sed
1109 2373 1196 2430 quam

162 2479 164 2483 .
249 2434 330 2500 illius,
345 2454 397 2510 pro
411 2452 468 2510 quo
481 2434 630 2491 laboraret.
673 2433 774 2508 Itaque
795 2433 893 2490 tribuis
912 2441 944 2490 tu
958 2433 1072 2509 quidem
1087 2434 1143 2489 tuis
1156 2434 1197 2490 ita

249 2513 348 2578 multa,
372 2521 406 2569 ut
427 2512 496 2569 mihi
516 2511 654 2569 beatiores
677 2511 716 2567 illi
736 2511 884 2568 videantur
905 2511 1054 2577 interdurn,
1076 2512 1124 2589 qui
1146 2520 1197 2568 tua

249 2590 415 2647 liberalitate
442 2590 581 2656 fruantur,
605 2608 690 2667 quam
719 2589 842 2665 tuipse,
868 2590 916 2666 qui
943 2590 996 2646 illis
1021 2599 1078 2645 tarn
1104 2590 1197 2647 multa

250 2668 396 2726 concedas.
439 2669 497 2725 Sed
511 2667 593 2726 video
607 2676 703 2724 tamen
716 2668 793 2744 apud
809 2676 836 2724 te
850 2687 958 2735 causas,
974 2676 1005 2724 ut
1023 2668 1088 2734 dixi,
1103 2670 1197 2725 tulere

203 2747 315 2824 30plus
338 2765 423 2822 quam
447 2766 554 2823 preces,
569 2748 606 2805 ab
628 2747 717 2822 iisque
741 2755 769 2803 te
794 2747 900 2804 moveri
924 2747 1053 2813 maxime,
1075 2766 1196 2823 quorum

248 2825 434 2903 justissimum
448 2825 543 2883 videas
558 2826 683 2883 dolorem
703 2825 731 2880 in
745 2825 877 2902 petendo.
920 2832 965 2882 32.
989 2827 1022 2881 Iu
1036 2826 1069 2893 Q.
1086 2825 1198 2902 Ligario

251 2904 442 2962 conservando
469 2904 564 2960 multis
589 2911 620 2960 tu
647 2902 762 2980 quidem
785 2912 898 2981 gratum
923 2904 1009 2961 facies
1036 2903 1198 2960 necessariis

251 2983 323 3049 tuis;
353 2982 417 3053 sed,
431 2983 495 3048 hcc,
523 3001 630 3057 quaeso,
659 2981 814 3048 considera,
843 2982 920 3058 quod
945 2982 1025 3040 soles.
1076 2983 1199 3038 Possum

252 3060 418 3117 fortissimos
452 3061 535 3125 viros,
564 3060 692 3125 Sabinae,
721 3061 772 3117 tibi
801 3061 1019 3136 probatissimos,
1049 3069 1199 3136 totumque

204 3150 242 3202 35
252 3158 354 3274 qgrum
369 3138 513 3204 Sabinum,
523 3138 621 3195 florem
635 3139 732 3204 ltaliae,
743 3140 828 3196 robur
841 3140 881 3195 rei
895 3140 1016 3216 publicae
1033 3156 1197 3215 proponere.

283 3218 336 3273 osti
351 3218 456 3294 optime
470 3216 612 3273 homines:
634 3217 826 3274 animadverte
844 3219 944 3274 horum
958 3218 1082 3275 omnium
1096 3216 1199 3272 maesti·

253 3296 322 3352 tiam
336 3303 365 3353 et
391 3296 524 3353 dolorem.
567 3295 662 3370 Hujus
687 3296 717 3352 Τ.
734 3297 861 3362 Brocchi,
882 3297 918 3352 de
942 3315 998 3372 quo
1022 3315 1076 3353 non
1099 3295 1200 3351 dubito

253 3374 321 3450 qnid
342 3375 492 3442 existimes,
507 3374 635 3430 lacrimas
656 3375 872 3450 squaloremque
895 3375 983 3451 ipsius
997 3382 1027 3430 et
1050 3375 1098 3431 lilii
1112 3373 1198 3429 vides.

255 3460 301 3509 33.
324 3453 400 3521 Quid
425 3453 461 3509 de
483 3452 617 3509 fratribus
642 3452 757 3509 dicam?
802 3453 876 3519 Noli,
899 3454 1008 3518 Caesar,
1030 3461 1140 3530 putare,
1164 3451 1201 3507 de

200 3539 244 3592 *40
253 3531 335 3588 unius
350 3532 442 3608 capite
464 3550 516 3587 nos
540 3549 640 3607 agere:
663 3540 713 3586 aut
732 3540 789 3587 tres
811 3532 861 3587 tibi
886 3531 989 3609 Ligarii
1012 3529 1149 3587 retinendi
1174 3530 1201 3585 iu

255 3610 367 3668 civitate
388 3617 453 3667 sunt
478 3619 528 3665 aut
551 3618 608 3665 tres
629 3628 664 3665 ex
687 3609 799 3667 civitate
823 3609 1032 3667 exterminandi.
1075 3607 1202 3677 Quodiis

255 3689 382 3746 exsilium
396 3688 439 3745 his
454 3695 497 3746 est
518 3686 651 3763 optatius,
666 3706 751 3762 quam
773 3689 871 3763 patria,
883 3707 969 3764 quam
992 3688 1102 3753 domus,
1117 3704 1204 3762 quam

255 3768 293 3826 dii
312 3777 438 3846 penates,
453 3785 510 3823 uno
524 3766 571 3823 illo
585 3766 740 3823 exsulante.
782 3766 813 3823 si
833 3767 964 3831 fraterne,
987 3766 1009 3822 si
1031 3767 1085 3843 pie,
1100 3766 1204 3822 sicum

255 3847 352 3905 dolore
364 3847 480 3913 faciunt,
495 3852 628 3903 moveant
651 3850 681 3901 te
704 3845 806 3903 horum
827 3845 963 3912 lacrimae,
976 3852 1091 3901 moveat
1104 3844 1205 3921 pietas,
