2742 4384
417 339 477 381 rao
491 340 569 380 assu
582 338 740 391 naronaao,
755 341 823 382 oar.
839 341 878 382 ιι.
1134 326 1173 387 0¹1

166 466 237 524 tiam
249 473 339 537 tuam,
351 467 450 537 libera,
464 487 501 527 ne
522 469 646 528 residere
659 470 688 528 in
700 478 730 528 te
743 470 831 529 ullam
846 478 956 549 partem
970 471 1125 533 iracundia

167 547 354 625 suspicemur.
396 548 454 605 Per
473 547 622 606 dexteram
636 549 720 607 uum
741 558 771 608 te
785 569 844 617 oro,
859 569 945 628 quam
959 553 1019 631 regi
1041 553 1124 611 Deio·

165 633 229 683 taro
252 627 359 704 hospes
381 627 487 705 hospiti
510 628 677 705 porrexisti:
705 629 797 696 istam
822 629 944 706 inquam,
965 632 1123 699 dexteram,

164 723 223 762 non
235 712 298 763 tam
312 705 341 762 in
354 706 436 765 bellis
449 724 503 764 nec
520 706 551 764 in
573 707 681 784 proeliis
695 726 781 784 quam
805 709 834 767 in
858 710 1001 787 promissis
1015 720 1045 769 et
1067 710 1124 769 fide

165 784 328 841 firmiorem.
383 785 429 842 'lu
454 785 530 843 illius
556 785 674 843 domum
698 786 775 853 inire,
799 796 833 845 tu
859 797 941 847 ιειιιι
968 790 1150 867 bospin'umt

163 881 302 921 renovare
310 863 436 931 voluisti;
457 863 609 942 teejnsdii
623 874 742 943 penates
753 875 940 957 acceperunt;
961 869 1122 928 mammam

163 949 194 999 ct
208 942 357 1019 placatum
370 943 497 1001 Deiotari
510 943 586 1023 regis
600 963 658 1003 arae
673 944 787 1022 focique
800 945 940 1006 aderunt.
977 954 1004 1006 9.
1026 948 1122 1018 Quum

163 1021 248 1079 facile
277 1019 424 1101 [exorari],
450 1023 555 1089 Cesar,
577 1030 640 1080 tum
663 1023 751 1081 semel
775 1026 884 1083 exorari
908 1026 998 1094 soles;
1038 1044 1122 1086 nemo

158 1119 291 1176 unquam
304 1110 335 1158 te
349 1100 472 1177 placavit
485 1101 621 1169 inimicus,
636 1103 686 1180 qui
699 1102 772 1160 ullas
790 1103 927 1163 resume
940 1105 968 1162 in
982 1115 1011 1164 te
1025 1105 1120 1164 simul·

162 1180 231 1236 tatis
245 1180 380 1256 reliquias
393 1181 521 1238 senserit.
562 1181 744 1259 Quamquam
757 1182 802 1240 cui
816 1192 885 1240 sunt
903 1184 1039 1242 inauditae
1054 1204 1119 1242 cum
1131 1188 1168 1242 10

162 1258 302 1317 Deiotaro
316 1259 438 1334 querelae
452 1259 535 1317 tuae‘?
576 1259 731 1338 Nunquam
754 1270 789 1319 tu
802 1261 882 1319 illum
896 1264 1063 1321 accusavisti
1087 1273 1121 1322 ut

162 1338 286 1405 hostem,
301 1338 354 1395 sed
372 1345 407 1395 ut
428 1339 551 1396 amioum
565 1339 656 1397 officio
681 1358 782 1417 parum
803 1340 941 1409 functum,
956 1342 1034 1418 quod
1055 1362 1119 1420 pro·

163 1417 278 1493 pensior
300 1417 330 1474 in
355 1417 406 1475 On.
425 1417 554 1494 Pompeii
578 1418 731 1476 amicitiam
751 1419 851 1477 fuisset
875 1438 961 1496 quam
982 1421 1010 1479 in
1030 1429 1118 1480 tuam.

164 1496 217 1552 Cui
241 1503 338 1553 tamen
361 1497 415 1574 ipsi
436 1496 477 1554 rei
498 1496 609 1555 veniam
631 1505 662 1555 te
687 1498 821 1555 daturum
843 1498 930 1557 fuisse
950 1499 1073 1567 dicebas,
1095 1501 1119 1558 si

162 1583 276 1632 tantum
291 1576 395 1632 auxilia
418 1575 557 1654 Pompeio
570 1576 614 1634 vel
639 1577 769 1635 sietiam
791 1577 880 1635 filium
903 1579 1033 1645 misisset,
1058 1580 1166 1658 ipselb

164 1654 258 1711 aetatis
283 1655 466 1712 excusatione
489 1674 559 1712 usus
583 1663 666 1713 esset.
719 1656 765 1713 Ita
788 1675 877 1734 quum
901 1658 1031 1715 maximis
1052 1678 1117 1716 eum

163 1734 248 1790 rebus
258 1733 402 1801 liberares,
414 1751 584 1811 perparvam
595 1734 725 1792 amicitiae
737 1735 851 1813 culpam
862 1736 1047 1813 relinquebas.
1073 1744 1117 1795 10.

163 1812 266 1888 Itaque
279 1830 337 1868 non
349 1813 444 1869 solum
458 1813 487 1870 in
501 1830 566 1869 eum
579 1832 636 1871 non
650 1813 878 1880 animadvertisti,
893 1814 944 1872 sed
953 1816 1028 1872 omni
1041 1824 1118 1873 metu

111 1958 118 1967 .
163 1890 326 1958 liberavisti,
337 1891 480 1969 hospitem
491 1891 637 1969 agnovisti,
647 1909 745 1970 regem
756 1893 897 1970 reliquisti.
941 1893 993 1950 IV.
1016 1893 1116 1971 Neque

164 1969 236 2026 enim
260 1971 309 2027 ille
331 1969 397 2027 odio
410 1971 453 2028 tui
475 1989 651 2048 progressus,
668 1971 720 2028 sed
744 1990 837 2030 errore
858 1971 1000 2030 communi
1020 1972 1117 2049 lapsus
1127 1977 1165 2031 20

163 2057 213 2106 est.
257 2050 288 2106 is
301 2068 359 2116 rex,
374 2069 461 2126 quem
476 2059 591 2106 senatus
609 2050 663 2108 hoc
677 2051 790 2108 nomine
803 2069 883 2128 saepc
897 2051 1116 2109 honorificanda-

162 2128 238 2184 simis
253 2128 375 2185 decretis
389 2128 600 2206 appellavisset,
615 2129 720 2205 quique
733 2148 822 2206 quum
842 2130 923 2187 illum
937 2129 1065 2188 ordinem
1079 2131 1116 2189 ab

162 2207 354 2265 adolescentia
367 2207 566 2286 gravissimum
579 2209 842 2285 sanctissimumque
863 2208 998 2275 duxisset,
1016 2210 1116 2266 iisdem

163 2287 248 2344 rebus
276 2293 322 2343 est
356 2288 548 2363 perturbatus,
576 2287 663 2345 homo
693 2288 864 2366 longinquus
890 2297 921 2345 et
950 2288 1115 2366 alienigena,

162 2366 265 2441 quibus
285 2384 338 2423 nos
360 2367 388 2423 in
410 2365 507 2424 media
530 2384 560 2422 re
588 2366 702 2443 publica
721 2366 780 2422 nati
807 2385 975 2444 semperque
1004 2366 1163 2434 versatili

165 2451 210 2501 11.
240 2464 331 2520 quum
356 2446 467 2502 audiret
487 2453 602 2501 senatus
624 2444 822 2502 consentientis
845 2445 1013 2503 auctoritate
1036 2463 1116 2502 arma

163 2531 293 2601 sumpta;
315 2525 485 2590 consulibus,
501 2523 679 2600 praetoribus,
695 2522 814 2581 tribunis
833 2524 918 2601 plebi,
933 2524 1013 2582 nobis
1026 2523 1114 2602 impe

163 2603 305 2661 raton'bus
325 2620 387 2660 rem
411 2602 556 2680 publicam
580 2601 790 2659 defendendam
814 2602 919 2669 datam,
947 2604 1116 2661 movebatur

164 2682 256 2739 auimo
280 2690 310 2739 et
332 2682 375 2738 vir
397 2680 466 2738 huic
490 2680 607 2757 imperio
628 2681 813 2738 amicissimus
837 2681 875 2740 de
896 2682 988 2739 salute
1036 2682 1115 2760 opuli

164 2759 283 2817 Romani
306 2760 518 2825 extimescebat,
542 2758 571 2815 in
594 2778 651 2836 qua
673 2759 759 2817 etiam
783 2778 863 2817 suam
888 2779 950 2818 esse
977 2702 1162 2819 inciusamto

164 2839 295 2906 videbat3
315 2839 344 2895 in
367 2857 481 2896 summo
504 2845 600 2895 tamen
623 2838 724 2895 timore
748 2838 952 2914 quiescendum
975 2840 1028 2898 sibi
1051 2858 1114 2896 esse

164 2918 360 2975 arbitrabatur.
412 2916 537 2973 Maxime
560 2935 628 2974 vero
650 2916 834 2994 perturbatus
856 2928 908 2985 est,
936 2928 970 2976 ut
996 2917 1112 2984 audivit,

164 2997 292 3053 consules
303 3016 337 3054 ex
352 2995 436 3054 Italia
450 2995 618 3074 profugisse,
630 3014 785 3071 omnesque
800 2998 961 3054 consulares
976 2996 1028 3074 (sic
1039 2996 1113 3053 enim

164 3075 188 3131 ei
206 3073 413 3154 nunciabatur),
430 3082 565 3132 cunctum
580 3082 718 3142 senatum,
733 3081 825 3131 totam
840 3076 952 3133 Italiam
966 3093 1028 3132 esse
1042 3075 1112 3131 effu-

163 3172 235 3210 sam:
256 3154 361 3213 talibus
371 3154 447 3212 enim
457 3153 561 3210 nuntiis
569 3162 599 3210 et
611 3153 773 3210 rumoribus
787 3155 905 3230 patebat
916 3153 953 3210 ad
968 3154 1112 3210 Orientem
1122 3160 1160 3214 85

163 3232 214 3299 via,
228 3252 281 3290 nec
300 3233 350 3290 ulli
364 3233 424 3290 veri
438 3232 692 3308 subsequebantur.
734 3231 812 3288 Nihil
832 3232 878 3289 ille
899 3231 936 3289 de
950 3232 1112 3289 conditioni-

163 3311 215 3368 bus
228 3312 293 3378 tuis,
307 3313 375 3370 nihil
397 3311 434 3368 de
448 3310 543 3368 studio
557 3311 712 3368 concordia
727 3318 757 3367 et
770 3310 856 3387 pacis,
871 3310 938 3367 nihil
953 3311 988 3368 de
1003 3310 1112 3387 conspi-

162 3390 267 3448 ratione
278 3392 413 3449 audiebat
427 3397 569 3447 certorum
583 3389 729 3446 hominum
739 3397 837 3445 contra
847 3389 1013 3465 dignitatem
1024 3397 1111 3446 tuam.

163 3469 232 3536 Quae
248 3489 336 3545 quum
357 3471 399 3526 ita
419 3475 522 3533 essent,
539 3475 633 3525 tamen
654 3485 746 3544 usque
766 3485 801 3523 eo
814 3486 844 3524 se
865 3467 964 3535 tenuit,
985 3465 1113 3543 quoada

163 3547 212 3605 On.
228 3548 365 3626 Pompeio
379 3547 467 3626 legati
482 3546 519 3603 ad
533 3565 599 3602 eum
612 3546 758 3621 literaeque
772 3554 916 3602 venerunt.
960 3553 1005 3602 12.
1027 3545 1111 3622 Igno·
1122 3554 1160 3606 40

163 3644 215 3693 sce,
237 3629 361 3706 ignosce,
389 3626 496 3692 0aesar,
518 3624 541 3682 si
555 3625 617 3702 ejus
631 3624 682 3681 viri
704 3624 865 3681 auctoritati
887 3642 936 3681 rex
961 3623 1112 3681 Deiotarus

162 3706 251 3773 cessit,
266 3725 352 3782 quem
375 3723 429 3761 nos
449 3723 546 3761 omnes
565 3703 654 3761 secuti
668 3721 782 3769 sumus;
807 3702 845 3759 ad
865 3722 950 3785 quem
963 3720 1052 3778 quum
1074 3703 1111 3761 dii

161 3793 245 3861 atque
258 3784 389 3842 homines
404 3783 497 3839 omnia
517 3790 680 3838 ornamenta
694 3783 908 3858 congessissent,
927 3790 989 3837 tum
1006 3788 1039 3834 tu
1051 3780 1112 3856 ipse

160 3863 280 3940 plurima
293 3872 324 3922 et
336 3861 472 3921 maxima.
513 3860 616 3937 Neque
634 3859 718 3927 enim,
732 3858 756 3917 si
768 3865 827 3918 tuae
843 3877 889 3918 res
902 3865 992 3936 gestae
1006 3865 1111 3917 cetero·
