2742 4384
201 295 246 353 ὄσ
674 305 783 348 ummo
866 278 923 345 „a”

248 438 465 519 portusquibus
478 437 606 496 vitamet
620 437 752 516 spiritum
762 437 874 506 ducitis,
888 437 917 494 in
931 438 1101 515 praedonum
1113 438 1201 499 fuisse

248 526 391 596 potestate
406 518 522 576 sciatis?
563 518 612 574 An
625 537 693 575 vero
717 518 853 595 ignoratis
873 526 989 593 portum
1005 519 1112 577 Oaietae
1128 518 1200 576 eele-

247 599 401 657 berrimum
414 604 501 674 atque
516 596 709 674 plenissimum
723 589 1032 673 navium'inspectantc
1045 606 1169 674 praetore
1182 617 1201 655 a

248 677 432 755 praedonibus
453 695 514 735 esse
535 675 709 752 direptum?
724 694 759 733 ex
783 676 893 732 Miseno
907 678 1089 753 autem*ejus
1111 677 1200 752 ipsius

220 756 359 824 tlibcros,
374 756 423 833 qui
447 775 512 813 cum
535 754 719 831 praedonibus
739 762 824 811 antea
845 754 884 811 ibi
904 755 1011 812 bellum
1031 764 1167 833 gesserat,
1181 775 1201 814 a

247 836 431 914 praedonibus
453 854 515 893 esse
539 835 689 892 sublatos?
731 833 808 890 Nam
831 833 900 910 qnid
922 853 977 912 ego
993 823 1134 892 *ostiense
1158 835 1199 892 in-

247 915 430 973 commodum
440 923 527 991 atque
540 913 617 970 illam
631 913 725 970 labem
736 921 822 988 atque
836 913 1016 991 ignominiam
1026 914 1066 971 rei
1076 914 1198 991 publicae

246 1013 356 1071 querar,
382 1013 470 1071 quum
493 1011 583 1071 prope
607 992 830 1068 inspectantibus
858 992 938 1048 vobis
966 993 1062 1050 classis
1084 1012 1126 1059 ea,
1151 993 1199 1051 cui

247 1074 344 1131 consul
359 1073 458 1151 populi
472 1071 593 1130 Romani
607 1071 776 1148 praepositus
791 1078 874 1137 esset,
884 1089 902 1126 a
915 1071 1200 1149 praedonibusbapta

201 1155 331 1229 lOatque
346 1171 483 1229 oppressa
497 1152 562 1209 est?
612 1151 669 1208 Pro
692 1151 730 1207 dii
750 1150 938 1208 immortales!
958 1159 1103 1208 tantamne
1117 1152 1199 1209 unius

246 1231 365 1289 hominis
393 1230 562 1289 incredibilis
585 1249 619 1288 ac
643 1229 738 1287 divina
761 1229 851 1287 virtus
879 1239 938 1287 tam
965 1231 1044 1287 brevi
1071 1238 1197 1306 tempore

139 1344 151 1363 ρ
246 1309 340 1368 lucem
363 1311 469 1369 afferre'
487 1310 526 1368 rei
547 1309 671 1385 publicae
695 1309 797 1386 potuit,
822 1315 855 1365 nt
876 1328 934 1376 vos,
956 1310 1005 1386 qui
1026 1308 1112 1367 modo
1132 1310 1197 1367 ante

197 1426 201 1437 «
246 1389 350 1446 ostium
364 1389 524 1446 Tiberinum
539 1389 658 1446 classem
680 1389 805 1445 hostium
826 1387 973 1455 videbatis,
995 1407 1069 1446 nunc
1090 1388 1197 1445 nullam

195 1462 204 1473 ”
230 1456 239 1481 '¹
246 1467 319 1524 intra
333 1468 438 1525 Oceani
457 1469 559 1526 ostium
581 1467 748 1544 praedonnm
767 1486 868 1524 nauem
889 1485 950 1524 esse
964 1467 1106 1527 audiatis?
1149 1472 1196 1524 34.

200 1546 345 1622 15Atque
370 1548 431 1603 haec
454 1566 510 1623 qua
534 1547 679 1604 celeritate
703 1553 786 1624 gesta
806 1546 870 1612 sint,
894 1565 1065 1622 quamquam
1087 1545 1196 1613 videtis,

246 1631 343 1681 tamen
356 1643 374 1681 a
388 1644 433 1682 me
453 1625 481 1681 in
496 1625 617 1683 dicendo
638 1624 839 1702 praetereunda
853 1644 909 1682 non
923 1635 997 1682 sunt.
1040 1625 1108 1693 Quis
1123 1625 1196 1682 enim

236 1696 372 1781 tunquam
381 1700 442 1761 aut*
446 1704 569 1761 obeundi
583 1704 689 1782 negotii
702 1711 754 1760 ant
763 1704 952 1779 consequendi
965 1711 1093 1781 quaestus
1103 1703 1197 1761 studio

234 1778 306 1855 [tam
320 1783 399 1841 brevi
422 1791 551 1859 tempore
576 1791 619 1840 tot
643 1783 707 1839 loca
721 1782 918 1849 adirefftantos
940 1802 1039 1839 cursus
1061 1783 1196 1840 conficere

233 1858 450 1943 {potuitfquam
464 1861 592 1920 celeriter
606 1861 657 1919 On.
669 1860 807 1938 Pompeio
821 1861 894 1918 duce
908 1861 979 1918 tanti
993 1861 1059 1919 belli
1072 1862 1197 1938 impetus

198 1942 412 2019 donavigavit‘?
443 1941 493 2019 qui
507 1936 639 1998 bandum
659 1940 829 2016 tempestivo
852 1939 890 1995 ad
914 1940 1104 2018 navigandum
1126 1941 1197 1998 mari

247 2020 370 2078 Siciliam
384 2020 460 2088 adiit,
472 2021 599 2078 Africam
609 2019 775 2095 exploravit,
786 2018 851 2075 inde
865 2018 1022 2075 Sardiniam
1033 2019 1198 2077 cumulasse

246 2100 322 2156 venit
336 2101 498 2176 atquelbaec
513 2099 567 2159 tria
576 2098 761 2157 frumentaria
775 2097 902 2159 subsidia
912 2097 952 2155 rei
962 2098 1084 2173 publicae
1097 2099 1196 2156 firmis·

160 2198 163 2207 ·
246 2178 322 2235 simis
337 2179 477 2256 praesidiis
492 2178 683 2253 classibusque
697 2176 822 2234 munivit.
865 2184 912 2235 35.
935 2176 1005 2233 Inde
1020 2197 1107 2253 quum
1122 2196 1152 2234 se
1167 2178 1198 2234 in

137 2258 141 2267 '
217 2262 221 2267 '
246 2258 357 2315 Italiam
372 2258 533 2335 recepisset,
539 2257 663 2314 lduabus
678 2255 820 2333 Hispaniis
835 2264 864 2312 et
880 2256 972 2312 Gallia
985 2253 1195 2348 [Transalpina]

198 2342 236 2396 25
246 2337 385 2414 praesidiis
399 2357 432 2394 ac
447 2335 565 2395 navibus
578 2336 752 2400 confirmata,
768 2334 858 2391 missis
872 2335 939 2394 item
956 2335 984 2391 in
998 2354 1077 2392 oram
1091 2335 1197 2415 Illyricr

246 2417 330 2472 maris
353 2416 431 2474 etin
453 2415 594 2474 Achaiam
618 2433 787 2490 omnemque
810 2414 949 2471 Graeciam
970 2414 1088 2472 navibus
1103 2414 1195 2484 Italiae

246 2493 305 2551 duo
318 2495 406 2551 maria
419 2496 546 2552 maximis
568 2494 706 2552 classibus
720 2494 939 2570 firmissimisque
962 2493 1195 2571 praesidiis‘ador·

246 2573 337 2640 navit;
358 2573 419 2649 ipse
433 2574 584 2640 autemfut
598 2573 748 2629 Brundisio
763 2573 908 2649 profectus
917 2582 968 2639 est,
984 2573 1195 2649 undequinqua-

246 2652 355 2729 gesimo
379 2651 424 2709 die
448 2660 539 2709 totam
563 2652 599 2709 ad
626 2652 776 2728 imperium
805 2653 902 2728 populi
926 2652 1046 2708 Romani
1071 2651 1196 2708 Ciliciam

198 2738 237 2792 30
246 2730 393 2808 adjunxit:
425 2751 529 2797 omnes,
558 2731 606 2808 qni
634 2732 739 2807 ubique
767 2730 917 2808 praedones
944 2732 1066 2797 fuerunt,
1092 2731 1196 2807 partim

246 2811 322 2887 capti
344 2810 538 2886 interfectique
553 2820 627 2875 sunt,
643 2808 842 2886 partim²unius
867 2811 953 2887 hujus
973 2829 1004 2866 se
1023 2809 1140 2886 imperio
1161 2830 1196 2867 ac

246 2889 381 2965 potestati
404 2888 582 2946 dediderunt.
634 2890 716 2946 Idem
742 2889 932 2956 Cretensibus
957 2908 1045 2964 quum
1068 2888 1104 2944 ad
1130 2907 1195 2945 eum
1247 2890 1253 2895 ”

246 2987 336 3043 usque
359 2967 387 3024 in
411 2968 611 3044 Pamphyliam
633 2967 744 3046 legatos
769 2968 1021 3044 deprecatoresque
1046 2967 1194 3034 misissent,
1252 2994 1257 2999 ·

246 3065 328 3123 spem
356 3046 505 3104 deditionis
532 3067 589 3104 non
616 3047 723 3104 ademit
750 3046 918 3122 obsidesque
942 3047 1096 3122 imperavit.
1150 3048 1197 3123 Ita

198 3134 236 3188 35
246 3131 358 3182 tantum
381 3126 494 3191 bellum,
511 3134 569 3183 tam
589 3126 763 3191 diuturnum,
780 3134 837 3182 tam
856 3126 940 3204 longe
961 3125 1072 3201 lateque
1087 3125 1195 3202 disper·

246 3223 318 3270 sum,
334 3223 391 3281 quo
405 3205 479 3262 bello
494 3225 590 3262 omnes
609 3213 709 3282 gentes
723 3224 757 3262 ac
772 3204 898 3261 nationes
918 3205 1125 3281 premebantur,
1142 3205 1194 3261 On.

245 3282 401 3360 Pompeius
414 3293 540 3341 extrema
560 3283 823 3360 hiemeupparavir,
845 3284 957 3359 ineunte
975 3303 1040 3340 vere
1060 3284 1195 3361 suscepit,

228 3361 341 3419 “media
355 3371 455 3420 aestate
469 3364 597 3420 confecit.

173 3460 179 3464 ’
238 3449 252 3455 ‘
286 3440 370 3498 XIII.
403 3442 524 3500 aofEsr
538 3443 602 3499 haec
617 3440 711 3498 divina
725 3448 810 3517 atque
824 3440 991 3498 incredibilis
1006 3441 1093 3497 virtus
1107 3440 1196 3516 impe-

199 3520 354 3582 eoratoris.
397 3520 472 3589 Quid
494 3531 604 3587 ceterae,
626 3540 697 3596 quas
718 3520 804 3596 paulo
825 3532 890 3577 ante
904 3538 1123 3577 commemorare
1138 3539 1195 3576 coe·

246 3617 352 3675 peram,
368 3607 483 3675 qnantae
503 3609 588 3674 atque
609 3618 695 3674 quam
716 3599 814 3655 multae
835 3600 924 3655 sunt?
966 3599 1031 3655 Non
1049 3599 1195 3655 enim‘bel-

247 3676 324 3735 laudi
338 3677 426 3735 virtus
441 3676 532 3734 solum
553 3678 581 3733 in
595 3697 707 3734 summo
728 3696 761 3733 ac
785 3679 911 3754 perlecto
935 3678 1105 3754 imperatore
1118 3696 1195 3754 quae-

246 3757 335 3814 renda
349 3756 466 3824 est,¹‘sed
488 3757 587 3814 mnltae
603 3763 669 3813 sunt
690 3765 766 3813 artes
780 3757 896 3823 eximiae,
918 3757 1004 3834 hujus
1024 3756 1198 3814 administra

247 3836 421 3914 comitesque
434 3835 553 3894 virtutis.
594 3834 640 3894 Ac
661 3835 905 3913 primumquanta
918 3834 1077 3893 innocentia
1090 3835 1198 3894 debent
1260 3904 1268 3911 ἱ
