2742 4384
434 222 493 262 rao
507 224 531 262 r.
547 222 641 261 asaro
655 222 776 272 mons,
791 221 858 263 aar.
874 221 913 263 tv.
1111 210 1169 268 100

165 352 290 419 sublato,
304 370 366 409 rem
380 351 473 428 plana,
487 368 553 427 quae
566 356 701 408 venratio
718 349 865 441 Jadrcmm,
880 350 975 409 ridere
995 351 1116 428 possitis

166 430 285 507 Negant
297 430 400 487 intueri
413 430 505 486 lucem
519 429 638 486 esaeias
652 429 685 496 ei,
700 448 748 505 qur
761 448 779 484 a
793 448 824 486 se
839 430 979 487 hominem
993 430 1117 489 occisum

166 528 228 566 esse
242 509 374 566 fateatur.
416 508 452 563 In
465 525 522 582 qua
535 506 651 563 tandem
665 508 735 565 urbe
753 507 807 565 hoc
821 508 948 565 homines
961 508 1115 568 stultissimi

165 587 338 663 disputant?
378 585 491 661 Nempe
505 584 532 641 in
546 604 588 650 ea,
603 603 668 661 quae
682 585 803 661 primam
821 585 959 662 judicium
973 586 1009 645 de
1023 587 1115 663 capite

164 665 235 722 vidit
260 665 300 722 M.
316 663 434 729 Horatii,
449 663 592 720 fortissimi
607 663 665 728 riri,
680 663 736 739 qui,
751 663 876 720 nondum
892 663 980 721 libera
992 665 1113 733 civitate,
1127 674 1145 727 t

164 750 262 800 tamen
276 742 374 818 popuii
388 742 509 799 Romani
522 740 639 798 comitiis
653 741 787 798 liberatus
797 750 849 808 est,
860 761 948 818 quum
962 761 1014 800 sua
1027 740 1114 802 manu

164 840 290 878 sororem
314 839 376 877 esse
396 820 571 877 interfectam
594 818 738 877 fateretur.
781 826 807 878 8.
829 820 876 876 An
890 828 934 877 est
953 822 1111 897 quisquam,

164 900 212 976 qui
232 900 289 955 hoc
309 899 427 975 ignoret,
442 916 530 972 quum
545 897 582 955 de
599 897 710 954 homine
724 898 816 955 occiso
829 906 978 973 quaeratur,
1000 908 1051 957 aut
1064 919 1111 958 ne

162 979 224 1055 gari
249 977 340 1033 solere
361 976 473 1033 omnino
493 994 554 1032 esse
574 975 691 1040 factum,
706 982 756 1032 aut
773 985 849 1033 recte
868 983 898 1033 et
916 976 981 1053 jure
1004 977 1112 1036 iactum

163 1074 226 1112 esse
247 1054 386 1112 defendi?
428 1054 491 1111 Nisi
512 1072 578 1110 vero
598 1052 769 1119 existimatis,
791 1054 950 1112 dementem
974 1055 1007 1113 P.
1033 1057 1109 1114 Αἰή-
1126 1064 1162 1117 10

163 1153 265 1191 canum
289 1133 384 1199 fuisse,
409 1133 466 1207 qui,
490 1151 577 1208 quum
601 1149 619 1186 a
644 1131 676 1188 0.
703 1132 841 1197 Carbone,
870 1133 982 1191 tribuno
1010 1134 1109 1210 plebis,

163 1212 295 1269 seditiose
316 1211 497 1268 inconcione
520 1211 748 1288 interrogaretur,
772 1210 841 1287 quid
865 1210 901 1268 de
925 1212 964 1269 m.
988 1212 1110 1271 Gracchi

163 1299 254 1347 morte
278 1290 403 1355 sentiret,
432 1288 617 1365 responderit,
642 1288 707 1364 jure
731 1307 836 1346 caesum
859 1289 953 1348 videri
1009 1291 1110 1368 Neque

163 1369 235 1425 enim
257 1375 354 1444 posset
374 1375 425 1424 aut
446 1366 541 1423 Ahala
553 1366 598 1423 ille
619 1366 753 1423 Servilius
773 1375 824 1424 aut
845 1369 878 1425 P.
895 1367 997 1427 Nasica
1010 1379 1061 1426 aut
1075 1370 1107 1427 L.

164 1446 291 1523 Opimius
301 1453 352 1502 aut
367 1446 399 1503 G.
412 1445 518 1502 Marius
529 1453 587 1511 aut,
602 1462 647 1501 me
658 1444 781 1510 consule,
792 1455 906 1503 senatus
922 1466 976 1504 non
987 1447 1108 1505 nefarius
1124 1455 1159 1509 rt

162 1525 267 1591 haberi,
283 1525 308 1581 si
321 1525 474 1581 sceleratos
489 1524 562 1581 cives
582 1523 700 1581 interfici
713 1523 792 1580 nefas
805 1536 888 1581 esset.
929 1526 1029 1602 Itaque
1044 1526 1107 1594 hoc,

160 1604 279 1680 judices,
289 1621 346 1660 non
360 1602 418 1659 sine
434 1619 519 1658 causa
529 1601 612 1658 etiam
626 1601 699 1658 fictis
712 1601 813 1658 fabulis
822 1602 972 1660 doctissimi
983 1604 1108 1662 homines

161 1683 305 1739 memoriae
315 1680 509 1757 prodiderunt,
525 1697 599 1745 eum,
614 1679 662 1755 qui
676 1679 764 1756 patris
780 1680 932 1738 ulciscendi
950 1700 1035 1739 causa
1048 1701 1106 1738 ma·

162 1764 233 1817 trem
257 1759 423 1824 necavisset,
453 1757 565 1814 variatis
588 1758 732 1814 hominum
756 1758 907 1824 sententiis,
936 1778 991 1816 nou
1015 1760 1106 1818 solum

161 1838 261 1905 divina,
283 1838 335 1894 sed
360 1836 445 1894 etiam
471 1835 680 1911 sapientissimae
704 1836 766 1893 dece
790 1836 929 1894 sententia
950 1837 1106 1895 liberatum.
1121 1847 1158 1899 20

162 1924 188 1974 9.
218 1918 303 1986 Quod
328 1916 352 1972 si
375 1914 527 1972 duodecim
551 1914 656 1971 tabulae
684 1922 852 1971 nocturnum
879 1915 970 1971 iurem
994 1933 1107 1991 quoquo

160 1996 253 2061 modo,
265 1995 397 2052 diurnum
411 2000 517 2057 autem,
526 1992 549 2049 si
562 2011 593 2049 se
607 1993 664 2050 telo
678 1993 850 2059 defenderet,
864 1993 979 2050 interfici
993 1992 1107 2070 impune

161 2073 318 2139 voluerunt,
334 2073 396 2148 quis
417 2079 470 2136 est,
488 2071 544 2146 qui,
564 2089 677 2147 quoquo
698 2071 782 2128 modo
796 2072 858 2147 quis
878 2071 1042 2129 interiectus
1060 2072 1104 2138 sit,

161 2152 335 2228 puniendum
350 2158 441 2227 putet,
457 2168 543 2225 quum
557 2148 652 2206 rideat
665 2148 816 2225 aliquando
829 2150 955 2228 gladium
975 2150 1055 2208 nobis
1068 2151 1105 2209 ad

160 2230 301 2287 hominem
315 2227 502 2286 occidendum
516 2229 552 2285 ab
566 2228 634 2304 ipsis
648 2227 753 2305 porrigi
767 2228 899 2305 iegibus?
1119 2237 1156 2291 25

199 2309 250 2365 IV.
283 2308 375 2382 Atqui
398 2306 423 2362 si
447 2314 558 2381 tempus
582 2314 625 2363 est
646 2306 735 2362 ullum
757 2306 821 2381 jure
841 2306 959 2364 hominis
978 2306 1104 2373 necandi,

160 2405 223 2463 quae
244 2386 337 2442 malta
357 2392 432 2449 sunt,
452 2392 527 2441 certe
545 2383 615 2440 illud
635 2391 679 2440 est
700 2403 755 2441 non
769 2384 853 2441 modo
874 2384 992 2461 justum,
1008 2403 1105 2442 verum

161 2466 244 2522 etiam
258 2464 455 2527 necessarium,
466 2481 554 2536 quum
566 2462 592 2518 vi
606 2462 647 2519 vis
660 2462 737 2519 illata
747 2461 914 2519 defenditur.
936 2463 1105 2521 Pudicitiam

161 2563 246 2620 quum
261 2543 382 2618 eriperet
396 2540 475 2597 militi
495 2541 623 2598 tribunus
637 2540 763 2597 militaris
782 2540 810 2597 in
823 2541 948 2598 exercitu
966 2541 998 2598 O.
1014 2541 1102 2609 Marii,

162 2623 335 2698 propinquus
355 2620 418 2697 ejus
432 2619 616 2694 imperatoris,
636 2619 798 2675 interiectus
819 2619 856 2677 ab
869 2638 903 2676 eo
917 2626 968 2685 est,
983 2620 1028 2677 cui
1048 2620 1104 2677 vim
1117 2629 1155 2682 80

162 2701 303 2756 afferebat.
350 2699 456 2754 Facere
470 2697 543 2753 euim
558 2698 663 2773 probus
673 2697 836 2754 adolescens
850 2698 1004 2773 periculose
1018 2718 1103 2774 quam

162 2778 270 2854 perpeti
284 2777 405 2853 turpiter
415 2775 522 2833 maluit.
550 2777 648 2851 Atque
659 2776 735 2832 hunc
744 2775 791 2832 ille
802 2795 928 2832 summus
938 2776 988 2842 vir,
999 2776 1103 2834 scelere

162 2857 292 2920 solutum,
314 2854 438 2931 periculo
458 2853 591 2911 liberavit.
636 2859 680 2911 10.
703 2853 861 2910 insidiatori
875 2873 940 2911 vero
954 2863 983 2910 et
1002 2854 1103 2911 latroni

161 2953 223 3009 quae
250 2941 345 3009 potest
367 2932 462 2989 inferri
483 2932 587 3008 injusta
610 2931 688 2988 nexi
729 2932 803 3000 Quid
831 2931 980 2989 comitatus
1007 2932 1101 2997 nostri,

161 3012 226 3087 quid
240 3011 328 3089 gladii
342 3010 462 3067 volunt?
484 3028 555 3086 quos
569 3010 672 3067 habere
683 3019 759 3066 certe
773 3026 828 3066 non
842 3010 946 3076 liceret,
958 3009 981 3066 si
995 3010 1036 3066 uti
1049 3009 1102 3066 illis
1116 3022 1152 3074 35

161 3090 236 3147 nullo
258 3097 345 3165 pacto
365 3088 470 3146 liceret.
511 3088 562 3144 Est
584 3088 669 3165 igitur
682 3089 755 3154 haec,
772 3088 890 3165 judices,
914 3087 1100 3164 conscripta,

160 3168 210 3224 sed
234 3174 301 3224 nata
324 3166 378 3234 lex,
403 3184 486 3243 quam
513 3185 569 3224 non
596 3165 753 3232 didicimus
781 3165 949 3243 accepimus,
974 3165 1100 3243 legimus,

160 3264 258 3303 rerum
281 3263 316 3302 ex
335 3254 437 3301 natura
460 3245 523 3321 ipsa
543 3244 719 3320 arripuimus,
734 3244 888 3310 hausimus,
902 3244 1100 3320 expressimus,

160 3323 196 3381 ad
220 3343 305 3400 quam
329 3342 385 3380 non
409 3322 494 3388 docti,
519 3323 569 3379 sed
592 3323 668 3388 facti,
694 3341 749 3379 non
773 3322 899 3388 instituti,
924 3323 975 3380 sed
1001 3322 1101 3379 imbuti

161 3421 266 3470 sumus,
281 3410 321 3469 ut,
342 3402 367 3458 si
381 3401 438 3458 vita
450 3407 546 3458 nostra
565 3400 594 3456 in
607 3401 715 3475 aliquas
735 3400 855 3467 insidias,
870 3400 935 3457 siin
955 3401 1010 3457 vim
1025 3408 1054 3456 et
1073 3401 1101 3457 in
1115 3411 1152 3463 40

159 3479 216 3536 tela
229 3490 279 3537 aut
295 3481 437 3538 latronum
450 3486 500 3535 aut
517 3479 691 3535 inimicorum
710 3474 859 3544 incidisset,
874 3479 963 3536 omnis
984 3480 1102 3535 honesta

159 3559 229 3617 ratio
252 3565 327 3616 esset
351 3557 534 3634 expediendae
560 3556 665 3613 salutis.
721 3556 810 3613 Silent
833 3556 906 3613 enim
929 3557 1007 3634 leges
1030 3556 1102 3614 inter

160 3655 236 3694 arma
256 3656 308 3695 nec
330 3654 363 3692 se
386 3635 542 3711 exspectari
563 3635 672 3712 jubent,
697 3654 784 3710 quum
808 3635 841 3701 ei,
866 3634 914 3710 qui
937 3645 1101 3712 exspectare

160 3717 314 3792 volitante
337 3715 443 3792 injusta
466 3732 552 3790 poena
571 3713 674 3770 luenda
688 3714 725 3770 sit
744 3732 829 3790 quam
846 3713 926 3790 justa
939 3710 1100 3788 repetenda.
