2742 4384
206 254 244 308 52
504 313 507 327 ι
672 262 779 303 onurro

252 393 280 450 in
294 393 413 451 eandem
422 360 544 450 babenb
558 393 756 450 calamitatem.
797 394 826 450 A
841 412 897 468 quc
912 393 1037 469 periculo
1052 389 1200 470 prohibete

133 480 137 487 “
156 512 162 517 -
253 491 312 529 rem
327 472 468 550 publicam
477 478 505 528 et
520 472 587 528 mihi
598 472 710 538 credite,
722 471 751 528 id
765 472 842 547 quod
857 472 910 547 ipsi
921 473 1023 528 videtis
1034 473 1120 530 z‘lraec
1130 473 1200 547 fides
1209 468 1225 540 J
1235 495 1271 508 ⁷

252 562 339 628 atque
363 552 425 608 haec
449 551 521 607 ratio
546 551 737 628 pecuniarum,
766 570 831 626 quae
855 551 964 616 Romae,
994 570 1058 626 quae
1085 551 1114 607 in
1138 552 1200 608 foro

252 638 388 696 versatur,
398 630 532 705 implicita
546 637 589 686 est
603 649 667 686 cum
681 630 734 693 illis
749 630 872 705 pecuniis
883 629 1015 686 Asiaticis
1026 631 1199 696 etcohaeret;

227 706 333 767 dicere
356 709 404 764 illa
417 727 474 764 non
500 715 626 785 possunt,
641 715 674 764 ut
698 709 759 765 haec
773 727 829 764 non
843 707 944 764 eodem
964 708 1106 765 labefacta
1119 717 1200 765 motu

253 788 408 845 concidant.
451 787 544 854 Quare
558 787 660 854 videte,
676 805 744 842 num
765 786 953 844 dubitandum
973 787 1052 844 vobis
1068 787 1104 842 sit
1124 787 1200 843 omni

253 867 347 924 studio
361 865 398 922 ad
412 865 441 922 id
456 866 562 923 bellum
576 866 745 931 incumbere,
761 865 789 921 iu
803 885 860 940 quo
874 865 963 942 gloria
973 865 1090 922 nominis
1104 865 1198 932 vestri,
1220 900 1254 912 -ψ

252 945 328 1002 salus
356 945 503 1010 sociorum,
531 943 680 1021 vectigalia
707 943 838 1010 maxima,
863 945 985 1001 fortunae
1013 945 1200 1020 plurimorum

252 1015 429 1081 civiurrfuum
443 1041 474 1080 re
489 1023 602 1099 publica
617 1022 815 1079 defenduntur.

206 1108 243 1161 10
292 1104 376 1159 VIII.
419 1109 465 1160 20.
487 1103 625 1170 Quoniam
640 1101 676 1158 de
700 1120 802 1178 genere
828 1101 894 1159 belli
915 1100 980 1168 dixi,
994 1120 1069 1157 nunc
1090 1100 1126 1158 de
1139 1119 1198 1157 ma·

251 1181 398 1260 guitudine
413 1199 504 1257 pauca
518 1180 618 1237 dicam.
639 1173 761 1236 frPotest
774 1181 828 1236 hoc
842 1180 916 1236 euim
930 1179 1002 1237 dici:
1024 1179 1089 1238 belli
1109 1198 1199 1257 genus

252 1280 314 1318 esse
324 1262 364 1317 ita
374 1259 569 1324 necessarium,
578 1266 612 1315 ut
626 1258 662 1315 sit
676 1259 847 1336 gerendum;
868 1278 924 1316 non
935 1278 996 1316 csse
1004 1259 1044 1315 ita
1054 1277 1198 1335 magnum,

252 1348 285 1396 ut
303 1340 339 1395 sit
361 1336 623 1415 pertimescendum.
665 1338 700 1393 Iu
720 1356 778 1412 quo
797 1337 918 1395 maxime
940 1337 1126 1395 laborandum
1146 1344 1199 1405 est,

252 1437 287 1474 ne
301 1418 374 1473 forte
388 1435 405 1472 a
419 1416 507 1482 vobis,
530 1434 593 1491 quae
614 1415 824 1493 diligentissime
849 1416 1023 1492 providenda
1044 1424 1118 1482 sunt,
1134 1434 1199 1472 con·

207 1494 405 1554 15temnenda
419 1513 481 1551 esse
495 1494 650 1551 videantur.
692 1494 790 1571 Atque
805 1502 838 1551 ut
858 1514 956 1552 omnes
975 1495 1134 1571 intelligant
1153 1512 1200 1551 me

253 1574 285 1632 L.
300 1574 419 1631 Lucullo
439 1580 550 1629 tantum
570 1572 713 1648 impertire
735 1572 835 1639 laudis
851 1582 989 1649 quantum
1010 1574 1077 1630 forti
1096 1573 1156 1630 viro
1171 1581 1201 1630 et

253 1653 372 1730 sapienti
392 1651 499 1709 homini
519 1658 548 1708 et
569 1669 673 1729 magno
697 1651 859 1728 imperatori
880 1652 1026 1719 debeatur,
1044 1653 1115 1719 dico,
1137 1652 1200 1729 ejus

252 1733 377 1790 adventu
391 1727 711 1787 mammasfflithudatis
726 1721 972 1807 copiaslomnibus
986 1732 1072 1788 rebus
1086 1739 1200 1788 ornatas

252 1820 336 1888 atque
351 1812 501 1867 instructas
514 1809 610 1875 fuisse,
620 1810 775 1885 urbemque
786 1810 865 1866 Asiae
875 1809 1054 1866 clarissimam
1063 1810 1200 1885 nobisque

205 1891 445 1949 20amicissimam
465 1888 665 1965 Cyzicenorum
687 1889 831 1945 obsessam
845 1907 907 1946 esse
921 1888 958 1951 ab
978 1889 1040 1965 ipso
1053 1907 1120 1966 rege
1140 1906 1199 1944 ma-

251 1972 325 2028 xima
345 1968 526 2025 multitudiue
540 1974 569 2024 et
589 1974 784 2044 oppugnatam
797 1967 1050 2033 vehementissime,
1065 1985 1151 2043 quam
1166 1966 1198 2023 L.

251 2048 388 2107 Lucullus
402 2046 505 2104 virtute
519 2045 682 2102 assiduitate
697 2045 810 2102 consilio
825 2046 942 2102 summis
956 2045 1106 2103 obsidionis
1127 2044 1199 2122 peri-

253 2129 322 2185 culis
336 2125 479 2192 liberavit;
500 2131 548 2181 01.
564 2125 601 2181 ab
612 2123 712 2180 eodem
720 2123 889 2201 imperatore
905 2124 1022 2181 classem
1031 2130 1201 2201 maguamet

253 2198 467 2281 ornatam,quuae
490 2204 609 2261 ducibus
624 2202 791 2260 Sertorianis
805 2203 842 2260 ad
868 2203 979 2259 ltaliam
999 2202 1093 2261 studio
1114 2210 1200 2279 atque

205 2290 242 2342 25
252 2286 316 2342 odio
326 2283 500 2341 inflammata
510 2289 665 2359 raperetur,
677 2289 839 2357 superatam
850 2301 911 2339 esse
922 2289 1007 2357 atque
1018 2281 1182 2358 depressam
1192 2300 1199 2348 ;

251 2381 369 2442 magnas
383 2362 507 2419 hostium
524 2369 660 2438 proeterea
675 2360 769 2435 copias
783 2361 879 2417 multis
894 2361 1000 2436 proeliis
1015 2379 1077 2417 esse
1091 2360 1199 2416 deletas

253 2443 482 2518 patefactumque
506 2440 608 2496 nostris
631 2438 788 2516 legionibus
813 2458 875 2496 esse
902 2438 1110 2515 Pontum,rqui
1134 2445 1200 2495 ante

240 2519 359 2596 =‘populo
384 2520 512 2575 Romano
536 2537 571 2575 ex
596 2517 671 2574 omni
694 2516 774 2575 aditu
799 2519 910 2575 clausus
934 2518 1049 2584 fuisset;
1075 2517 1200 2593 Sinopen

252 2607 337 2674 atque
365 2597 504 2664 Amisum,
533 2598 635 2672 quibus
662 2597 690 2653 in
716 2597 828 2673 oppidis
852 2596 1095 2654 erant‘domicilia
1114 2595 1199 2672 regie,

206 2672 382 2734 Sdbmuibus
410 2675 494 2731 rebus
523 2681 634 2731 ornatas
667 2682 753 2753 atque
779 2677 896 2749 refertas
925 2683 1088 2750 ceterasque
1115 2676 1200 2731 urbes

252 2755 337 2813 Ponti
350 2763 379 2811 et
395 2753 584 2830 Cappadociae
610 2757 765 2829 permultas
772 2752 835 2811 uno
849 2754 929 2811 aditu
943 2755 1122 2830 adventuque
1137 2772 1200 2810 esse

253 2841 368 2910 captas;
388 2851 485 2909 regem
506 2833 658 2908 spoliatum
672 2852 759 2911 regno
781 2833 872 2909 patrio
885 2841 971 2908 atque
985 2832 1060 2888 avito
1074 2832 1111 2888 ad
1131 2831 1200 2888 alios

253 2931 284 2970 se
297 2930 378 2989 reges
394 2918 479 2986 atque
493 2911 530 2966 ad
544 2911 611 2967 alias
628 2921 727 2989 gentes
748 2911 905 2988 supplicem
926 2906 1092 2968 contulisse:
1114 2918 1200 2986 atque

253 2991 316 3048 haec
331 2989 520 3047 omnia'salvis
537 2990 635 3066 populi
655 2990 775 3047 Romani
789 2990 870 3047 sociis
884 2998 969 3066 atque
983 2989 1098 3066 integris
1112 2988 1199 3046 vecti-

207 3076 243 3128 35
253 3071 364 3146 galibus
383 3088 445 3126 esse
459 3074 548 3145 gesta.
590 3068 664 3124 Satis
678 3070 779 3145 opinor
792 3069 846 3125 boc
861 3087 922 3125 esse
936 3068 1035 3135 laudis
1051 3077 1137 3143 atquc
1151 3062 1214 3135 itaj*

254 3148 385 3215 Quirites
410 3148 517 3203 ut·hoc
532 3165 583 3203 vos
603 3147 771 3224 intelligatis
792 3166 810 3202 a
823 3147 899 3203 nullo
922 3148 1046 3212 istorum,
1061 3146 1110 3221 qui
1134 3146 1200 3203 huic
1281 3179 1289 3185 ·

254 3227 414 3283 obtrectant
434 3225 489 3302 legi
503 3232 587 3302 atque
609 3243 708 3293 causae,
723 3226 756 3283 L.
771 3226 921 3282 Lucullum
936 3225 1062 3282 similiter
1086 3244 1121 3281 ex
1145 3226 1200 3282 hoc

253 3303 316 3361 loco
330 3323 392 3361 esse
407 3304 563 3360 laudatum.
1195 3306 1199 3311 “

294 3383 344 3439 ΙΧ.
375 3390 420 3472 22.
436 3383 606 3458 Requiretur
619 3380 739 3439 fortasse
753 3381 1095 3457 nuncquemadmodum,
1111 3400 1201 3457 quum

207 3465 244 3518 40
253 3461 315 3517 haec
329 3462 369 3517 ita
383 3468 445 3525 srut,
461 3461 598 3536 reliquum
613 3460 703 3536 possit
716 3478 851 3537 magnum
866 3479 927 3517 csse
940 3459 1054 3517 bellum.
1087 3461 1200 3537 Cogno-

254 3539 331 3604 scite,
361 3539 491 3607 Quirites
516 3558 571 3595 non
595 3538 668 3595 euim
696 3540 750 3595 hoc
774 3539 833 3594 sine
857 3556 942 3594 causa
966 3538 1054 3613 quaeri
1079 3538 1200 3595 videtur.

253 3617 381 3673 Primum
396 3636 431 3673 ex
445 3636 496 3673 suo
510 3636 597 3694 reguo
612 3617 650 3672 sic
667 3616 844 3672 Mithridates
859 3616 992 3693 profugit,
1004 3624 1038 3673 ut
1050 3635 1085 3672 ex
1099 3616 1202 3673 eodem

253 3694 361 3752 Pouto²
370 3695 473 3751 Medea
495 3695 542 3751 illa
557 3694 700 3770 quondum
715 3695 872 3772 profugisse
887 3694 1006 3761 dicitur;
1028 3713 1114 3771 quam
1129 3713 1202 3771 proe-
1217 3720 1219 3731 ι

254 3773 350 3833 dicant
362 3774 390 3831 in
403 3774 473 3851 fuga
486 3773 579 3829 fratris
593 3772 637 3829 sui
651 3773 779 3829 membra
797 3773 870 3830 iniis
884 3773 960 3841 locis,
983 3791 1084 3850 quase
1098 3792 1203 3851 parens
