2742 4384
348 184 361 233 p
483 169 504 201 ἡ

369 258 470 365 *agac
482 295 705 345 morumne,
720 295 787 335 ose.
802 296 861 336 nv.
1119 280 1159 344 tt

153 445 217 485 esse
230 418 439 504 imperatoresl
457 433 565 503 quanta
586 424 689 483 deinde
708 425 736 483 in
750 425 880 484 omnibus
895 426 981 485 rebus
991 422 1108 504 'tempe-
1153 496 1157 511 1

154 507 262 564 rantia!
283 506 588 582 quanta'fide,quanta
602 505 859 581 facilitatefquanto
869 505 988 583 ingenio,
1003 516 1110 582 quanta
1147 502 1257 549 *ms*

154 585 348 642 humanitate!
385 604 451 661 quae
476 584 607 651 breviter,
632 585 725 661 qualia
748 586 805 642 siut
832 586 859 642 in
884 586 935 642 On⁴
961 585 1108 661 Pompeio,

100 680 127 741 -ι
152 665 375 722 consideremus.
393 686 401 715 r
417 664 539 722 Summa
563 664 636 720 enim
656 663 749 721 omnia
767 672 842 730 sunt,
857 664 988 734 Quirites,
1003 663 1053 721 sed
1075 684 1109 722 ea

153 745 297 822 magisex
311 744 430 800 eliorum
452 742 631 800 contentione
651 762 735 820 quam
757 743 819 821 ipse
833 763 883 820 per
897 762 958 801 sese
977 744 1136 821 cognoscit

152 831 241 899 atque
255 822 375 900 intelligi
395 832 525 899 possunt.
567 824 614 880 37.
636 823 726 891 Quem
741 824 813 880 enim
831 824 1027 900 imperatorem
1035 826 1107 900 'pos-

151 921 254 959 sumus
275 902 334 958 ullo
348 902 505 958 innumero
519 902 729 978 putare,*cujus
743 902 770 959 in
788 904 914 960 exercitu
934 904 1108 961 centuriatus
1251 934 1258 961 r

153 989 274 1038 veneant
289 989 374 1057 atque
395 980 532 1037 venierint
543 980 557 1036 ‘l
567 981 644 1056 *quid
659 982 734 1039 hunc
753 981 894 1039 hominem
908 1001 1042 1059 magnum
1056 990 1108 1040 aut
1129 970 1186 1041 dir?
1219 966 1244 1027 Γ
1260 944 1287 1031 s
1299 972 1323 1029 ι’

151 1063 283 1136 amplum
308 1060 344 1116 de
366 1079 397 1117 re
422 1059 537 1135 publica
561 1060 693 1136 cogitare,
708 1060 756 1136 qui
780 1060 928 1137 pecuniam
952 1080 987 1118 ex
1008 1062 1107 1119 ssrado

152 1139 354 1216 depromptam
369 1138 406 1195 ad
427 1138 535 1196 bellum
555 1138 805 1197 administrandum
826 1149 876 1197 aut
887 1136 1015 1217 'propter
1028 1141 1105 1218 cupi·
1118 1148 1154 1202 10

152 1219 272 1275 ditatam
288 1218 439 1295 provinciae
449 1217 662 1295 magistratibus
676 1217 800 1275 diviserit
814 1230 864 1276 aut
885 1230 1002 1297 propter
1015 1220 1104 1277 avari·

153 1297 222 1353 tiam
244 1297 395 1353 Romae'in
414 1308 528 1373 quaestu
552 1296 716 1378 ree-liquerit?
740 1294 861 1354 *Vestra
884 1299 1106 1355 admurmuratio

153 1376 230 1442 facit,
254 1376 386 1444 Quirites,
408 1384 441 1432 ut
465 1393 616 1452 agnoscere
631 1376 788 1442 videamini,
813 1377 861 1453 qui
886 1377 948 1434 haec
968 1376 1103 1463 fecerint:

152 1473 208 1532 ego
218 1462 315 1511 autem
329 1454 441 1511 nomino
449 1454 604 1521 neminem
619 1473 707 1531 quare
718 1455 798 1512 irasci
813 1456 879 1513 mihi
893 1475 975 1513 nemo
991 1457 1103 1532 poterit,

152 1533 205 1590 nisi
223 1535 354 1610 qui‘ante
376 1534 412 1590 de
433 1552 465 1589 se
479 1533 599 1590 voluerit
619 1534 753 1592 confiteri.
795 1541 842 1592 38.
865 1536 964 1612 ltaque
986 1546 1104 1613 propter
1116 1545 1151 1598 15

87 1610 93 1619 ’
151 1612 387 1670 hanc'avaritiam
399 1613 602 1689 imperatorum
614 1622 735 1688 quantas
743 1613 925 1679 calamitates,
935 1632 1104 1691 quocunque

153 1700 270 1748 ventum
284 1691 329 1759 sit,
350 1691 440 1748 nostri
461 1691 599 1747 exercitus
613 1691 673 1747 fera
693 1700 713 1759 t,
729 1692 791 1769 quis
815 1693 947 1771 ignorat?
974 1692 1104 1760 ”Itinera
1121 1686 1174 1743 20
1184 1698 1197 1755 >
1234 1686 1245 1701 ”
1295 1700 1298 1711 ’

152 1758 296 1847 qffffper
319 1772 405 1828 hosce
430 1789 519 1826 annos
542 1769 570 1825 in
595 1711 752 1847 Iffiffper
776 1790 860 1849 agros
887 1784 973 1847 atque
997 1771 1105 1847 oppida

80 1856 83 1859 ’
153 1850 255 1906 civium
276 1850 473 1907 Romanorum
505 1848 593 1906 nostri
615 1849 800 1926 imperatores
825 1849 948 1914 fecerint,
974 1848 1104 1906 recorda·

152 1928 234 1994 mini;
256 1936 320 1984 tum
332 1928 442 1985 facilius
457 1927 594 1994 statuetis,
606 1927 674 2003 quid
689 1927 766 2005 apud
781 1938 892 1986 exteras
906 1928 1032 1986 nationes
1046 1928 1104 1985 fieri
1114 1936 1153 1989 00

151 2008 325 2064 existimetis.
354 2007 460 2063 Utrum
473 2006 567 2082 plures
581 2006 752 2063 arbitramini
766 2027 818 2084 per
831 2008 917 2063 hosce
931 2026 1019 2064 annos
1034 2007 1103 2063 mili·

154 2106 214 2143 tum
231 2093 389 2142 vestrorum
409 2085 494 2141 armis
519 2084 641 2142 hostium
662 2087 755 2152 urbes,
770 2086 948 2143 arrhibernis
963 2084 1103 2143 sociorum

151 2165 280 2222 civitates
301 2182 363 2221 esse
385 2163 516 2220 deletas?
562 2163 664 2239 Neque
684 2165 758 2221 enim
782 2172 877 2242 potest
892 2165 1055 2222 ‘exer-cirum
1079 2165 1103 2222 is

151 2243 294 2301 continere
308 2240 534 2320 imperatorfqui
548 2261 578 2299 se
594 2243 654 2319 ipse
668 2261 724 2300 uon
738 2245 869 2309 continet,
885 2262 975 2320 neque
989 2261 1103 2300 severus
1150 2254 1173 2287 ³·
1194 2292 1198 2307 ,

151 2310 256 2379 essdin
282 2321 442 2388 edicendo,
458 2308 594 2400 qui¹aljps
614 2321 641 2377 in
660 2340 691 2378 se
705 2341 817 2380 severos
825 2341 892 2394 esse
912 2322 1023 2400 judices
1047 2332 1151 2386 nontt
1198 2346 1201 2355 ·

152 2401 221 2458 vult.
306 2445 312 2457 .
378 2421 393 2458 c
418 2399 553 2456 miramur
573 2401 648 2457 hunc
667 2401 808 2458 hominem
833 2411 943 2458 tantum
967 2400 1102 2459 excellere

151 2480 261 2545 ceteris,
286 2480 369 2557 cujus
393 2479 519 2555 legiones
543 2479 582 2537 sic
606 2480 635 2535 in
662 2479 761 2535 Asiam
785 2480 970 2557 pervenerint,
993 2489 1102 2537 utnon

33 2554 120 2626 21)·
153 2558 237 2615 modo
251 2577 352 2615 manus
374 2558 447 2614 tanti
462 2552 679 2625 exercitusstsed
701 2577 736 2615 ne
748 2560 1028 2647 Qumqnidem
1045 2559 1101 2617 cui·
1126 2548 1165 2620 ἶ]
1175 2550 1194 2607 5¹
1207 2546 1245 2597 ”l

28 2627 109 2719 st(
151 2630 237 2713 qdffr'ri
252 2644 356 2714 pacato
370 2636 499 2694 nocuisse
514 2636 646 2701 dicatur?
687 2626 753 2695 ,Fam
768 2638 1102 2713 vero,tquemadmodum

152 2716 253 2774 milites
274 2717 434 2782 hibernent,
457 2716 580 2791 quotidie
595 2735 738 2772 sermones
753 2735 786 2772 ac
803 2717 892 2773 literae
907 2718 1101 2792 perferuntur3
1113 2724 1152 2778 30

125 2850 130 2853 ,
152 2814 207 2851 non
220 2794 363 2861 modoffut
376 2802 525 2871 sumptum
535 2795 620 2850 faciat
634 2795 662 2851 in
672 2795 797 2861 militem,
810 2795 911 2851 nemini
922 2795 963 2851 vis
977 2795 1101 2861 affertur,

152 2873 392 2950 sednemupienti
405 2873 521 2949 quidem
532 2875 664 2949 cuiquam
679 2874 858 2950 permittitur.
885 2874 1008 2930 ‘Hiemis
1020 2873 1103 2939 enim,

121 2952 207 3009 ''non
227 2953 353 3009 avaritiae
376 2950 539 3029 perfugium
563 2952 684 3029 majores
706 2953 792 3010 nostri
812 2953 839 3010 in
860 2952 999 3009 socinum
1018 2960 1104 3027 atque

152 3033 306 3090 amicorum
320 3032 404 3089 tectis
419 3049 482 3088 esse
497 3032 652 3088 voluerunt.

143 3107 270 3169 *XIV
303 3117 351 3168 40.
367 3110 435 3187 Age
449 3128 525 3175 vero,
540 3110 640 3167 ceteris
654 3109 683 3166 in
697 3105 853 3185 rebus‘qua
863 3109 900 3166 sit
907 3109 1103 3185 temperantia,
1115 3119 1153 3173 35

153 3190 337 3247 considerate.
380 3187 468 3245 Unde
487 3188 563 3245 illam
578 3198 687 3244 tantam
708 3188 880 3246 celeritatem
894 3197 924 3244 et
943 3197 1001 3243 tam
1016 3188 1103 3244 incre·

153 3268 264 3325 dibilem
274 3267 546 3326 cursum⁴mventum
555 3267 680 3345 putatis?
702 3267 769 3324 Non
779 3267 853 3324 euim
864 3266 942 3322 illum
953 3266 1053 3322 eximia
1063 3267 1105 3322 vis

153 3349 288 3425 remigum
299 3354 351 3412 aut
361 3366 407 3403 ers
416 3345 542 3402 inaudita
550 3345 684 3422 quaedam
694 3344 869 3423 gubernapdi
878 3351 928 3400 aut
936 3345 1012 3401 venti
1020 3344 1105 3420 aliqui

152 3427 214 3483 novi
227 3435 287 3484 tarn
304 3426 434 3483 celeriter
447 3424 476 3481 in
490 3424 603 3481 ultimas
623 3433 712 3481 terras
725 3418 911 3499 pertulerunt,
927 3424 977 3480 sed
995 3441 1037 3480 eae
1051 3434 1103 3490 ree,

151 3523 213 3579 quae
224 3514 337 3563 ceteros
348 3503 485 3560 remorari
495 3503 594 3570 solent,
603 3523 659 3559 non
670 3503 864 3571 retardarunt3
879 3521 934 3558 non
945 3502 1060 3558 avaritia
1069 3503 1105 3559 ab
1116 3509 1156 3561 40
1179 3492 1191 3547 ἰ
1204 3501 1214 3543 ῗ
1230 3534 1233 3541 ·
1246 3496 1254 3507 ’

151 3583 278 3641 instituto
293 3602 381 3640 cursu
395 3582 436 3638 ad
451 3581 577 3658 praedam
592 3572 716 3657 aliquam
728 3578 884 3645 devocavit,
899 3599 954 3637 non
968 3580 1054 3637 libido
1068 3581 1105 3636 ad

151 3663 338 3740 voluptatem,
355 3679 413 3718 non
434 3660 581 3717 amoenitas
602 3660 639 3716 ad
660 3660 885 3725 delectationem,
900 3678 956 3715 non
976 3657 1106 3716 nobilitas

153 3742 225 3800 urbis
239 3742 278 3800 ad
294 3740 496 3818 cognitionem,
511 3759 568 3796 non
591 3738 713 3814 denique
736 3738 816 3795 labor
840 3738 900 3814 ipse
914 3736 951 3793 ad
973 3735 1105 3812 quietem.

149 3819 302 3880 Postremo
316 3821 402 3898 sigua
415 3825 446 3876 et
465 3818 577 3876 tabulas
593 3826 743 3893 ceteraque
757 3824 921 3873 ornamenta
941 3816 1108 3871 Graecorum
