2742 4384
203 293 260 347 106
401 303 511 346 camo
524 304 583 344 PRO
596 302 625 344 A.
640 303 753 344 monuo
767 303 892 352 Ancum,
907 302 973 344 OAP.
988 304 1041 344 111.

252 441 367 501 ratores,
382 434 430 509 qui
444 433 542 510 populi
556 433 676 490 Romani
690 452 735 490 res
757 439 852 510 gestas
875 451 988 509 semper
1001 431 1125 499 ornavit;
1151 431 1201 508 qui

252 514 336 571 etiam
358 513 401 569 his
414 512 573 569 recentibus
591 512 693 567 nostris
712 512 867 585 vestrisque
889 511 1049 568 domesticis
1070 510 1201 587 periculis

253 601 391 648 aetemum
405 610 435 647 se
449 591 639 647 testimonium
659 589 751 646 laudis
766 589 899 645 daturum
915 608 976 646 esse
997 590 1163 666 profitetur;
1184 586 1201 664 's

252 669 332 746 isque
346 676 389 726 est
409 688 443 726 ec
463 687 587 734 numero,
603 667 654 743 qui
677 686 789 744 semper
802 667 880 742 apud
906 686 1004 724 omnes
1024 667 1114 723 sancti
1135 674 1203 723 sunt

222 757 239 809 5
253 748 342 805 habiti
356 747 450 823 itaque
464 746 540 813 dicti,
555 746 595 803 sic
609 746 637 801 in
651 755 774 803 vestram
788 744 930 821 accipiatis
944 745 1038 811 fidem,
1053 752 1086 802 ut
1099 746 1201 801 huma-

253 826 341 882 nitate
355 834 448 882 vestra
468 826 578 881 levatus
601 825 697 900 potius
721 842 806 899 quam
826 824 979 881 acerbitate
994 824 1115 880 violatus
1139 841 1203 880 esse

253 904 390 961 videatur.
433 910 479 960 32.
502 903 572 971 Qua
587 902 623 959 de
637 920 723 958 causa
743 921 795 977 pro
808 919 872 958 mea
887 902 1089 959 consuetudine
1111 900 1203 958 brevi·

254 988 298 1039 ter
324 981 542 1058 simpliciterque
566 980 632 1046 dixi,
655 980 774 1058 judices,
799 998 833 1035 ea
857 980 967 1037 confido
993 981 1112 1056 probata
1139 997 1204 1035 esse

255 1060 400 1117 omnibus:
422 1078 487 1134 quae
502 1078 558 1115 non
576 1058 629 1115 fori
649 1077 740 1134 neque
760 1058 885 1134 judiciali
900 1057 1100 1114 consuetudine
1115 1063 1144 1113 et
1164 1056 1204 1112 de

205 1146 242 1197 10
255 1138 373 1194 hominis
387 1137 499 1214 ingenie
512 1145 541 1193 et
556 1136 740 1193 communiter
749 1136 785 1192 de
800 1136 887 1211 ipsius
901 1137 995 1193 studio
1005 1135 1117 1192 locutus
1128 1153 1202 1200 sum,

255 1235 296 1282 ea,
316 1215 435 1292 judices,
450 1235 467 1271 a
481 1215 561 1272 vobis
581 1233 665 1291 spero
678 1232 740 1270 esse
760 1215 788 1270 in
809 1215 913 1272 bonam
938 1224 1048 1291 partem
1066 1219 1205 1291 accepta;

255 1295 292 1352 ab
305 1312 347 1361 ec,
363 1294 410 1371 qui
421 1294 560 1371 judicium
573 1300 694 1360 exercet,
709 1301 785 1349 certe
798 1292 865 1350 scio.
