2742 4384
409 314 470 354 rao
484 312 559 353 ison
572 311 708 363 narum,
724 313 791 355 oar.
806 314 864 355 m.
1122 302 1163 361 59

182 438 260 532 inopia
272 449 299 500 et
311 442 428 501 canate
441 442 483 501 rei
497 443 686 500 frumentaria
701 450 853 502 consecuta
866 451 911 502 est
927 444 1009 502 unius
1022 444 1112 502 homi·

179 532 656 678 ttffissltlttttttff
669 541 830 670 “ttulit
837 525 967 680 tltsst
977 542 1111 660 ttttt

179 678 320 737 casaiae
343 699 379 737 ex
402 699 438 738 eo
463 679 572 770 proelio,
593 678 630 736 de
653 698 712 756 quo
735 699 786 737 ros
809 681 895 758 paulo
919 690 985 739 ante
1008 681 1111 739 invitus

176 756 300 825 mmmm,
314 778 403 837 quum
417 759 485 816 seori
506 758 724 835 pertimuissent,
738 759 863 817 hostium
883 778 953 837 opes
971 760 1140 837 animiqueo

176 837 405 904 massmannus
428 839 541 895 &mum
566 837 731 915 praesidium
752 838 895 916 provincia
907 857 963 896 non
983 839 1110 907 haberet,

74 970 76 985 ,
174 915 319 974 amisissetis
342 917 455 984 Asiam,
481 916 611 985 Quirites,
633 916 684 973 nisi
701 916 739 974 ad
760 917 854 995 ipsum
878 917 1026 975 discrimen
1048 919 1111 995 ejus

174 996 292 1071 temporis
312 996 447 1063 divinitus
466 995 519 1054 Gn.
542 995 614 1052 Pom
654 995 712 1052 'um
726 995 764 1053 ad
778 1014 826 1053 eas
849 997 978 1075 regiones
997 998 1111 1055 fortuna
1134 1010 1205 1041 sur.
1219 1004 1234 1029 ι.
1262 992 1267 1005 ’
1291 996 1297 1009 “

172 1073 258 1161 populi
278 1075 400 1132 Romani
416 1075 567 1132 attulisset.
609 1014 706 1152 ἔξω
719 1074 860 1132 adventus
873 1086 904 1133 et
917 1075 1110 1133 Mithridatem

55 1170 56 1191 ¹
171 1153 268 1210 nsolita
280 1154 488 1211 inflammatum
503 1153 617 1211 victoria
632 1152 812 1211 eondnuitet
830 1153 979 1233 'ligranem
1001 1154 1110 1233 magnis
1122 1163 1159 1218 10
1179 1152 1246 1221 ‘avc
1285 1186 1290 1197 ·

54 1228 55 1241 ¹
105 1250 133 1277 ›··
153 1232 246 1307 ’copiis
258 1233 434 1291 minitantem
449 1233 528 1289 Asia
540 1232 702 1290 retardavit.
744 1232 783 1290 Et
796 1232 946 1310 quisquam
960 1232 1108 1300 dubitabit,

170 1309 227 1386 qnid
237 1308 335 1369 virtute
345 1311 527 1390 perfecturus
535 1311 636 1388 sit,qui
645 1320 756 1369 tantum
764 1313 932 1369 auctoritate
942 1312 1109 1389 perfecerit?

169 1400 211 1444 aut
228 1410 310 1467 quam
331 1390 418 1448 facile
438 1391 555 1468 imperio
567 1399 653 1467 atque
667 1391 793 1448 exercitu
807 1391 898 1448 socios
918 1400 948 1448 et
962 1391 1110 1470 vectigalia

169 1476 375 1527 conservamus
389 1469 434 1535 sit,
449 1469 497 1546 qui
513 1469 575 1547 ipso
588 1468 701 1527 nomine
714 1488 748 1527 ae
761 1488 874 1527 rumore
888 1469 1068 1528 defenderit?

200 1546 273 1605 xvl.
315 1552 367 1607 lo.
389 1548 456 1626 Age
471 1548 608 1615 vero,'illa
628 1566 673 1605 res
689 1558 824 1624 quantam
839 1548 965 1606 declarat
978 1549 1107 1627 ejusdem
1120 1561 1156 1616 15

167 1623 272 1684 munis
285 1627 371 1706 apud
384 1627 481 1684 hostes
502 1627 601 1705 populi
620 1626 742 1685 Romani
755 1628 961 1695 auctoritatem,
976 1629 1052 1704 quod
1072 1648 1108 1686 ex

166 1702 224 1762 lcc‘s
245 1714 303 1764 tam
326 1705 491 1784 longinquis
515 1715 630 1784 tamque
654 1705 772 1763 diver-sis
795 1714 854 1763 tam
881 1707 960 1764 brevi
980 1715 1108 1784 tempore

164 1801 250 1842 omnes
270 1787 338 1845 huie
367 1804 399 1842 se
420 1785 467 1842 mii
488 1783 675 1842 dediderunt!
704 1784 782 1861 quod
811 1785 988 1843 Cretensium
1013 1785 1107 1863 legati,

164 1879 241 1938 quum
261 1865 289 1922 in
309 1883 413 1923 eorum
426 1862 516 1921 insula
530 1872 626 1921 noster
648 1864 801 1941 imperator
813 1863 1010 1939 exercitusque
1024 1874 1107 1929 esset,

162 1940 194 1998 ad
207 1942 255 2001 Cn.
271 1943 446 2021 Pompeium
467 1943 494 2000 in
514 1942 628 2000 ultimas
649 1961 740 2020 prope
764 1950 853 2000 terras
866 1949 1005 2000 venerunt
1027 1943 1158 2019 eiqueao

162 2037 291 2080 seemnes
306 2021 490 2080 Cretensium
503 2021 630 2079 civitates
644 2021 749 2079 dedere
758 2021 830 2079 velle
844 2021 991 2079 diremnt!
1012 2021 1107 2091 Quid?

160 2097 229 2158 idem
251 2101 304 2159 ‘ate
330 2100 515 2159 Mithridates
538 2118 630 2157 nonne
654 2100 691 2157 ad
715 2101 838 2158 eundem
862 2101 914 2158 Cn.
938 2100 1108 2178 Pompeium

160 2176 277 2256 legatum
299 2198 397 2257 usque
419 2179 455 2237 ad
480 2179 647 2257 Hispaniam
661 2179 736 2236 misit
758 2197 833 2247 eum,
849 2198 934 2257 quem
955 2179 1108 2257 Pompeius

158 2255 278 2393 :fuum
291 2277 410 2336 semper
427 2257 574 2336 judicarit,
589 2256 614 2325 ii,
629 2258 733 2335 quibus
747 2265 809 2316 erat
831 2276 944 2335 semper
957 2259 1108 2317 molestum
1174 2276 1185 2335 p

204 2357 267 2396 enm
282 2337 467 2416 potissimum
487 2355 552 2394 esse
563 2337 689 2403 missum,
703 2337 912 2414 speculatorem
925 2356 1011 2415 quam
1032 2338 1107 2417 lega·
1117 2350 1155 2404 25
1177 2362 1182 2375 ·

82 2468 86 2485 ,
159 2424 214 2472 turn
232 2418 358 2494 judicari
383 2407 556 2474 maluerunt!
593 2415 717 2474 Potestis
738 2416 824 2495 igitur
845 2417 907 2495 jam
928 2416 1106 2486 constituere,

82 2492 283 2563 cesennia,
305 2497 385 2553 hanc
398 2495 707 2555 auctoritatem'multis
728 2502 828 2573 postea
841 2496 927 2553 rebus
946 2496 1034 2575 gestis
1047 2516 1106 2555 ma·

157 2574 400 2652 gnisque¹vestris
421 2573 535 2651 judiciis
556 2574 756 2652 amplificatam
779 2584 916 2651 quantum
940 2576 1017 2654 apud
1045 2576 1108 2634 illos

157 2669 241 2731 reges,
254 2664 401 2732 quantum
414 2653 493 2731 apud
506 2662 617 2711 exteras
631 2653 758 2711 nationes
771 2653 918 2711 valituram
937 2673 1000 2712 esse
1013 2655 1106 2713 existi·
1127 2678 1131 2685 ·

155 2746 240 2791 ¹⁰0OE-
1116 2745 1156 2800 80

191 2813 237 2870 st.
258 2812 419 2889 Reliquum
440 2819 493 2878 est,
512 2818 546 2869 ut
559 2810 595 2869 de
615 2808 859 2888 felicitate,*quam
874 2818 1010 2890 prestare
1024 2812 1061 2870 de
1074 2831 1105 2871 se

154 2886 211 2966 ipsc
235 2910 324 2949 nemo
346 2898 454 2981 potest,
479 2890 638 2948 meminisse
661 2900 693 2947 et
715 2908 933 2949 commemorare
957 2891 994 2949 dc
1018 2891 1107 2950 altero

155 2986 314 3043 posumus,
330 2978 406 3027 sicut
429 2987 545 3045 aequum
559 2977 603 3027 est
623 2962 807 3026 homines'de
821 2978 964 3045 potestate
977 2968 1106 3038 deorum,

155 3046 245 3106 timide
259 3058 291 3105 et
306 3066 402 3126 pauca
412 3048 548 3105 dicamus.
589 3047 652 3126 Ego
666 3048 740 3105 enim
754 3047 794 3105 sic
808 3048 951 3107 existimo:
973 3048 1105 3114 Maximo,

152 3124 296 3193 Marcello,
320 3127 455 3204 Scipioni,
481 3126 569 3184 Mario
588 3136 618 3184 et
638 3126 740 3185 ceteris
761 3128 869 3205 magnis
891 3128 1107 3204 imperatoribus
1116 3139 1154 3192 85

153 3223 204 3262 ccc
229 3206 328 3264 solum
353 3215 473 3284 propter
485 3206 627 3272 virtutem,
648 3205 699 3264 sed
723 3205 808 3263 etiarn
827 3216 943 3284 propter
964 3206 1106 3264 fortunam

150 3285 257 3361 saepius
278 3285 402 3363 imperia
426 3283 560 3341 mandata
584 3292 670 3361 atque
691 3284 831 3343 exercitus
851 3304 913 3343 esse
933 3286 1105 3343 commissos.

151 3360 214 3421 Fuit
237 3366 321 3422 enim
346 3364 476 3442 prolecto
497 3363 668 3440 quibusdam
689 3363 805 3421 summis
824 3363 889 3421 viris
912 3363 1047 3441 quoedam
1057 3361 1106 3419 *ad

150 3443 371 3521 amplitudinem
384 3442 465 3500 etad
478 3441 597 3519 gloriam
607 3441 682 3499 etad
696 3460 741 3500 res
754 3461 872 3521 magnas
883 3444 955 3501 bene
967 3442 1107 3521 gerendas

113 3496 284 3580 *faunam
299 3521 440 3600 adjuncta
453 3521 574 3578 fortuna.
615 3520 660 3578 De
674 3520 761 3598 hujus
774 3534 870 3579 autem
887 3521 1004 3580 hominis
1021 3519 1105 3579 felici·
1115 3529 1155 3586 40

149 3608 216 3667 tate,
232 3600 271 3659 de
294 3619 355 3676 quo
376 3619 452 3657 nuno
472 3599 592 3677 agimus,
606 3599 661 3657 hae
684 3608 750 3657 utar
772 3600 965 3659 moderatione
985 3598 1105 3666 dicendi,

147 3696 202 3737 con
215 3684 260 3738 ut'
265 3679 298 3737 in
314 3679 387 3736 illius
402 3686 545 3757 potestate
559 3677 701 3735 fortuitam
721 3679 842 3756 positam
856 3698 919 3738 esse
939 3678 1040 3746 dicam,
1055 3676 1107 3736 sed

134 3752 179 3814 'at
203 3758 359 3836 praeterita
379 3757 546 3837 meminisse,
567 3758 675 3847 reliqua
694 3776 808 3836 sperare
822 3757 976 3823 videamur,
997 3776 1032 3815 ne
1055 3762 1108 3813 aut

145 3834 237 3896 inrisa
258 3836 318 3896 dfis
340 3835 546 3895 immortalibus
566 3846 656 3895 oratio
677 3845 774 3895 nostra
786 3843 837 3894 aut
859 3836 971 3916 ingrata
989 3853 1052 3893 esse
1065 3833 1105 3892 vi·

77 3590 90 3621 ι.
