2742 4384
385 307 444 348 rao
457 307 482 348 n.
497 307 594 348 amno
607 307 729 357 mon,
744 306 810 348 our.
824 307 864 358 n,
878 307 930 350 xm
1124 294 1182 352 11⁸

173 435 306 493 occisum
321 454 357 492 ex
377 435 439 511 ipso
454 435 557 493 Clodio
576 436 705 494 audirent
718 443 747 493 et
768 454 799 494 re
813 455 879 494 vera
899 444 1041 515 putarent,
1056 436 1129 496 fece·

172 524 246 570 runt
272 515 302 571 id
327 515 400 570 servi
424 515 537 571 Milonis
561 512 666 593 (dicam
690 515 763 571 enim
787 524 884 592 aperte
909 536 964 573 non
985 516 1130 575 derivandi

172 593 302 650 criminis
316 611 410 658 causa,
419 593 470 649 sed
485 593 638 650 attactum
651 592 718 669 est),
728 612 779 650 neo
793 593 948 671 imperante
959 614 1010 651 nec
1024 596 1129 655 sciente

172 689 230 728 nee
245 678 388 748 prasente
401 671 525 739 domino,
546 671 623 749 quod
645 690 715 730 suos
734 671 853 749 quisque
866 692 962 732 servos
986 673 1014 730 in
1034 674 1083 731 tali
1098 693 1128 733 re

171 751 272 806 facere
286 749 429 807 voluisset.
1141 761 1159 815 b

216 829 270 884 XI.
314 834 361 885 ³0.
383 829 464 895 Haec,
474 827 548 885 sicin
561 828 688 905 exposui,
697 828 736 885 ita
838 837 912 897 sunt,
922 830 1048 907 jndices;
1063 830 1126 889 insi·

172 905 271 963 diator
284 913 436 982 superatus
451 914 512 972 est;
528 907 555 964 vi
568 908 642 964 victa
655 907 698 963 vis
712 926 745 964 ve
770 908 864 984 potius
877 927 1013 985 oppressa
1024 909 1127 968 virtute

172 985 297 1041 audacia
322 991 374 1042 est.
415 985 493 1043 Nihil
517 985 588 1051 dieo,
613 985 681 1062 quid
706 1004 751 1042 res
773 987 887 1064 publiea
909 998 1060 1044 consecuta
1080 988 1125 1056 sit,

171 1064 256 1128 nihil,
270 1063 339 1140 qnid
354 1082 412 1130 vos,
426 1063 503 1130 nihil,
518 1063 585 1139 quid
596 1082 694 1121 omnes
708 1064 780 1122 boni.
822 1065 899 1123 Nihil
913 1084 980 1122 sane
994 1065 1021 1122 id
1037 1068 1126 1143 prosit

172 1141 277 1198 Miloni
306 1142 355 1218 qui
378 1142 432 1198 boc
453 1142 515 1199 fato
538 1150 621 1199 natus
644 1148 697 1209 est,
719 1149 752 1199 ut
773 1161 808 1200 ne
828 1162 859 1201 se
880 1143 995 1221 quidem
1014 1164 1125 1203 servare
1141 1152 1178 1205 10

174 1221 313 1296 potuerit,
334 1220 402 1296 quin
425 1239 482 1277 una
502 1240 562 1278 rem
582 1221 725 1296 publicam
744 1240 851 1297 vosque
871 1231 1004 1279 servaret.
1045 1223 1075 1281 Si
1096 1224 1125 1282 id

172 1300 240 1376 jure
254 1299 315 1356 fieri
328 1318 384 1355 non
399 1299 501 1376 potuit,
516 1299 583 1356 nihil
600 1300 701 1365 babeo,
716 1299 793 1375 quod
807 1300 967 1358 delendam.
1008 1300 1056 1358 Sin
1071 1303 1125 1361 boo

176 1386 206 1433 et
219 1378 292 1433 ratio
307 1376 398 1434 doctis
412 1385 442 1434 et
451 1378 602 1435 necessitas
616 1377 743 1436 barbaris
757 1385 786 1435 et
800 1397 860 1435 mos
871 1379 1003 1457 gentibus
1017 1388 1046 1436 et
1060 1381 1125 1438 len's

176 1456 263 1511 etiam
287 1456 389 1512 belluis
411 1464 512 1512 natura
533 1456 595 1532 ipsa
619 1456 800 1533 praescripsit,
821 1466 853 1514 ut
876 1476 988 1515 omnem
1012 1478 1126 1536 semper

175 1534 243 1601 vim,
259 1552 427 1611 quacunque
441 1553 496 1610 ope
511 1544 634 1612 possent,
650 1552 667 1590 a
681 1552 809 1611 corpore,
824 1553 841 1590 a
855 1536 955 1612 eapite,
970 1554 987 1591 a
1001 1536 1059 1594 vita
1072 1557 1124 1594 sua
1139 1545 1175 1599 1⁶

177 1613 385 1688 propulsarent,
405 1632 461 1670 non
475 1612 593 1689 potestis
606 1614 661 1670 hoo
675 1613 783 1669 facinus
803 1613 964 1690 improbum
986 1614 1123 1691 judicare,

176 1692 245 1765 quin
259 1691 343 1748 simul
355 1692 498 1768 judicetis,
513 1692 650 1757 omuibus,
665 1692 713 1768 qui
727 1692 754 1747 in
768 1691 891 1749 latrones
904 1692 1060 1761 inciderint,
1074 1702 1124 1752 aut

176 1769 290 1826 illorum
315 1771 379 1827 telis
403 1778 454 1827 ant
477 1770 576 1827 vestris
597 1771 743 1827 sententiis
762 1788 824 1826 esse
849 1768 1033 1846 pereundum.
1076 1778 1122 1829 31.

177 1846 263 1915 Quod
291 1849 314 1905 si
341 1849 381 1905 ita
403 1856 541 1925 putasset,
569 1856 645 1906 oerte
672 1847 824 1925 optabilius
852 1847 948 1903 Miloni
976 1848 1030 1904 init
1056 1848 1124 1906 dare

174 1925 309 2003 jugulum
329 1927 363 1984 P.
378 1927 489 1991 (llodio,
508 1945 563 1983 non
582 1927 669 1984 semel
691 1928 728 1985 ab
742 1927 790 1983 illo
803 1944 895 2002 neque
916 1934 976 1982 tum
1022 1925 1123 1984 rimum
1137 1932 1175 1986 20

177 2005 306 2079 petitum,
322 2024 408 2082 qnam
430 2005 555 2095 jugulari
573 2024 590 2062 a
610 2004 786 2080 vobis,·quia
805 2022 837 2061 se
856 2022 912 2060 non
931 1946 1122 2094 jugulandum

176 2083 216 2139 illi
234 2084 404 2142 tradidisset.
447 2083 495 2140 Sm
508 2084 562 2142 boc
576 2102 660 2141 nemo
674 2091 798 2140 vestrum
814 2082 854 2140 ita
867 2090 960 2149 sentit,
975 2082 1044 2140 llud
1061 2083 1122 2160 jam

177 2161 205 2218 iu
226 2162 365 2238 judicium
389 2162 474 2228 venit,
496 2180 560 2230 non,
581 2161 726 2219 occisusne
749 2162 793 2229 sit,
815 2160 892 2237 quod
915 2161 1045 2228 fatemur,
1070 2162 1121 2220 sed

174 2240 238 2316 jure
260 2259 297 2297 an
316 2240 427 2317 injuria,
442 2239 519 2316 qnod
539 2241 634 2298 multis
655 2240 684 2297 in
698 2240 788 2297 causis
808 2258 885 2317 saepe
905 2239 1055 2316 quaesitum
1069 2248 1120 2298 est.

176 2319 296 2375 Insidias
308 2320 400 2377 laetas
415 2337 476 2376 esse
490 2326 608 2386 constat,
624 2325 654 2376 et
676 2318 705 2376 id
720 2327 772 2384 est,
787 2319 864 2394 quod
888 2326 1003 2375 senatus
1023 2325 1121 2375 contra
1135 2325 1172 2380 25

176 2415 236 2453 rem
250 2398 393 2473 publicam
404 2398 512 2454 factum
523 2396 661 2474 judicavit
668 2416 675 2464 ;
696 2397 733 2454 ab
742 2404 805 2453 utro
815 2397 900 2454 factae
912 2397 975 2461 sint,
984 2396 1121 2454 incertum

177 2484 228 2532 est.
263 2476 307 2532 De
321 2478 375 2534 boc
390 2476 573 2553 igiturlatum
587 2482 677 2533 estut
690 2482 872 2550 quaereretur.
907 2475 952 2531 Ita
965 2481 995 2531 et
1008 2482 1121 2532 senatus

176 2572 245 2620 rem,
260 2573 316 2610 non
329 2555 482 2620 bominem,
496 2553 613 2621 notavit,
635 2561 665 2611 et
684 2552 839 2629 Pompeius
859 2553 896 2610 de
917 2552 990 2629 jure,
1004 2570 1061 2609 non
1084 2552 1121 2612 de

175 2631 260 2697 facto,
276 2634 461 2709 quaestionem
474 2633 546 2690 tulit.

215 2711 283 2767 XII.
305 2710 452 2788 Numquid
465 2710 551 2788 igitur
568 2709 644 2767 aliud
662 2710 692 2767 in
711 2710 849 2787 judicium
869 2708 953 2775 venit,
974 2708 1034 2776 nisi,
1056 2717 1121 2767 uter
1134 2713 1172 2770 80

175 2789 231 2845 utri
251 2789 365 2846 insidias
386 2789 502 2846 lecerit?
542 2788 676 2846 Proiecto
696 2789 782 2856 nihil;
803 2788 827 2844 si
850 2787 895 2844 bie
915 2787 962 2855 illi,
976 2796 1010 2844 ut
1030 2806 1065 2845 ne
1083 2788 1121 2845 sit

175 2867 308 2943 impune;
329 2868 353 2924 si
365 2868 413 2924 ille
426 2867 500 2934 huic,
514 2874 576 2924 tum
589 2885 640 2923 nos
654 2867 759 2925 scelere
773 2867 921 2923 solvamur.

216 2953 262 3002 32.
285 2947 416 3014 Quonam
430 2946 516 3024 igitur
535 2954 621 3022 pacto
634 2945 748 3022 probari
763 2952 866 3021 potest,
887 2943 1000 3002 insidias
1024 2944 1121 3001 Miloni

175 3023 275 3081 fecisse
290 3025 446 3081 Clodium?
487 3023 563 3081 Satis
576 3023 661 3081 estin
674 3023 723 3080 illa
736 3023 850 3100 quidem
864 3030 923 3080 tam
936 3022 1045 3089 audaci,
1060 3030 1121 3079 tam

174 3103 281 3159 nefaria
294 3103 390 3159 bellun
404 3102 513 3169 docere,
527 3120 661 3179 magnam
674 3102 701 3159 ei
714 3120 837 3167 cansam,
852 3120 984 3178 magnam
998 3120 1079 3177 spem
1092 3100 1120 3157 in
1133 3109 1171 3163 35

174 3180 287 3238 Milonis
301 3189 393 3238 morte
406 3181 588 3258 propositam,
603 3198 721 3258 magnas
735 3180 869 3237 utilitates
883 3180 977 3236 fuisse.
1019 3180 1120 3255 Itaque

174 3259 245 3316 illud
267 3258 442 3326 Cassianum,
464 3279 514 3317 ou1
534 3277 614 3316 sono
630 3278 741 3323 aonam,
761 3259 790 3314 in
814 3258 858 3313 bis
871 3257 997 3335 personis
1010 3256 1119 3324 valeat;

174 3338 228 3394 etsi
242 3338 309 3394 boni
323 3337 401 3394 nullo
414 3338 603 3396 emolumento
616 3336 799 3413 impelluntur
811 3336 840 3392 in
850 3336 987 3401 fraudem,
998 3335 1120 3412 improbi

173 3434 254 3492 saepe
268 3434 366 3490 parvo.
407 3416 505 3493 Atqui,
520 3415 624 3473 Milone
647 3415 802 3481 interiecto,
827 3414 943 3470 Clodius
966 3415 1021 3470 hoe
1044 3431 1119 3470 asse·

173 3494 325 3570 quebatur,
340 3512 395 3550 non
415 3495 499 3551 modo
517 3500 551 3551 ut
574 3500 681 3570 praetor
701 3500 776 3550 esset
795 3510 851 3550 non
871 3511 906 3550 eo
926 3493 1049 3559 consule,
1063 3510 1121 3568 quo
1133 3497 1172 3551 40

174 3572 288 3628 sceleris
313 3572 405 3629 facore
429 3573 496 3629 nihil
519 3579 625 3648 posset,
651 3571 702 3628 sed
726 3571 819 3637 etiam,
845 3578 878 3628 ut
903 3570 935 3627 iis
959 3570 1121 3627 consulibus

173 3658 282 3727 praetor
296 3657 380 3716 esset,
401 3652 502 3728 quibus
517 3651 540 3708 si
559 3669 616 3706 non
629 3649 838 3726 adjuvantibus,
860 3657 890 3705 at
910 3648 1121 3705 conniventibus

175 3736 261 3795 certe,
276 3736 411 3805 speraret,
426 3749 457 3787 se
471 3748 554 3807 posse
568 3729 682 3786 eludere
700 3727 794 3784 inillis
807 3728 865 3785 suis
879 3727 1008 3805 cogitatis
1022 3727 1120 3782 lurori-

174 3806 248 3875 bus;
268 3807 352 3885 cnjus
364 3806 403 3866 illi
416 3817 543 3875 conatus,
556 3814 589 3864 ut
604 3807 666 3885 ipse
679 3807 905 3873 ratiocInabatur,
918 3820 971 3863 neo
985 3809 1123 3880 cuperent
