2742 4384
387 287 448 327 ruso
462 288 486 326 r.
501 287 595 326 aurio
609 287 732 336 moun,
748 285 814 327 ear.
829 288 868 327 rx.
1092 272 1148 327 nr

147 417 244 485 sirnns,
268 435 360 494 neque
383 416 413 474 in
432 414 514 474 bouis
533 415 597 473 viris
621 414 748 494 legendis
771 415 799 473 id
823 416 934 493 assequi
948 414 1096 493 potuisset,

150 497 257 554 adami
282 496 414 572 cupisset.
467 494 532 550 Non
555 495 628 551 enim
657 513 721 551 mea
746 495 838 573 gratia
861 494 1096 552 familiaritatibus

150 575 316 641 continetur,
337 592 403 650 quae
428 572 486 629 late
509 580 606 649 patere
626 591 682 630 non
700 582 827 649 possunt,
843 581 993 650 propterea
1017 571 1095 647 quod

150 652 365 711 consuetudines
384 651 475 708 victus
495 669 550 708 non
569 658 689 728 possunt
707 669 769 708 esse
783 669 847 709 cum
862 651 972 720 multis;
993 650 1054 717 sed,
1072 650 1095 709 si

147 731 215 809 quid
235 749 396 808 possumus,
411 748 447 787 ex
460 747 495 786 eo
508 748 666 806 possumus,
681 729 760 806 quod
774 749 819 787 res
837 730 1015 820 publicanos
1029 748 1093 786 con·
1107 742 1125 795 5

145 809 238 887 junxit
252 828 318 866 cum
338 809 436 874 bonis;
456 807 607 883 exquibus
626 808 673 865 ille
687 827 775 884 quum
790 816 910 886 optimos
924 808 997 865 viros
1018 809 1092 886 lege·

147 897 197 955 ret,
212 887 299 964 idque
309 887 430 944 maxime
444 885 481 942 ad
496 886 580 944 tidem
589 904 669 943 suam
679 886 818 964 pertinere
831 886 1023 954 arbitraretur,
1037 904 1093 943 non

63 990 67 996 ·
148 967 240 1043 potuit
263 967 359 1043 legere
383 984 440 1022 non
463 964 604 1022 studiosos
625 965 687 1022 mei.
730 970 776 1023 22.
802 964 886 1034 Quod
910 984 977 1021 voro
1001 974 1038 1031 te,
1060 964 1091 1021 1.

148 1045 262 1111 Domiti,
285 1044 349 1100 huic
371 1043 522 1121 quaestioni
543 1061 667 1120 praeesse
680 1043 800 1101 maxime
814 1043 911 1110 voluit,
933 1042 1000 1100 nihil
1013 1062 1091 1178 qure-

147 1123 210 1180 sirit
228 1122 315 1188 alind,
330 1122 382 1178 nisr
403 1122 550 1198 justitiam,
564 1122 741 1199 gravitatem,
762 1122 975 1187 humanitatem,
996 1121 1015 1178 fi
1037 1141 1090 1178 em.
1108 1132 1145 1184 10

147 1202 228 1269 uum,
245 1210 278 1258 ut
300 1200 476 1257 consularem
490 1218 603 1257 necesse
621 1208 697 1257 esset
706 1219 713 1266 ;
734 1200 828 1268 credo,
843 1199 920 1277 quod
935 1200 1091 1277 principum

148 1300 250 1337 munus
263 1298 326 1337 esse
341 1278 466 1335 ducebat
480 1278 608 1336 resistere
622 1287 651 1335 et
665 1277 770 1335 levitati
784 1279 971 1337 multitudinis
985 1287 1014 1336 ct
1029 1297 1091 1356 per-

148 1359 269 1416 ditorum
284 1357 446 1414 temeritati.
481 1356 525 1413 Ex'
538 1356 731 1414 consularibus
745 1364 774 1414 te
788 1357 893 1414 creavit
907 1357 1090 1434 potissimum.

148 1437 274 1494 Dederas
289 1436 371 1502 enirn,
393 1454 479 1512 quam
496 1446 688 1493 contemneres
708 1435 860 1513 populares
881 1436 1008 1503 insanias,
1031 1436 1092 1514 jam

148 1517 183 1573 ab
196 1514 388 1572 adolescentia
402 1513 572 1571 documenta
585 1514 715 1571 maxima.
1107 1525 1142 1578 15

185 1595 235 1650 IX.
279 1600 326 1650 23.
349 1593 548 1661 Quamobrem,
566 1591 685 1669 judices,
701 1598 734 1648 ut
753 1590 903 1669 aliquando
917 1593 955 1650 ad
976 1612 1091 1650 causam

148 1672 306 1748 crimenque
333 1670 488 1736 veniamus,
516 1669 539 1727 si
563 1689 653 1747 neque
676 1671 766 1728 omnis
793 1672 931 1729 confessio
958 1671 1024 1729 lacti
1047 1678 1092 1728 est

147 1749 286 1816 inusitata,
297 1767 400 1826 ,neque
422 1748 459 1805 de
483 1767 567 1806 causa
587 1758 683 1806 nostra
706 1749 860 1825 quidquam
880 1750 968 1815 aliter,
987 1768 1020 1806 ac
1041 1768 1092 1807 nos

148 1829 291 1894 vellemus,
306 1846 323 1884 a
337 1835 439 1885 senatu
454 1826 613 1904 judicatum
633 1834 684 1894 est,
699 1836 729 1885 et
742 1827 815 1885 lator
829 1827 890 1904 ipse
910 1828 989 1905 legis,
1004 1846 1090 1903 quum

148 1916 220 1964 esset
243 1906 435 1964 controversia
454 1904 528 1961 nulla
548 1906 623 1972 lacti,
642 1906 715 1996 juris
739 1913 835 1962 tamen
859 1905 1092 1983 disceptationem
1105 1914 1143 1966 20

148 2004 208 2042 esse
221 1985 319 2051 voluit,
341 1983 397 2058 etl
414 1983 495 2041 electi
513 1984 623 2061 judices
641 2002 720 2060 isque
744 1984 913 2061 prepositus
933 1983 1090 2061 quaestioni,

147 2064 193 2140 qui
207 2065 269 2120 haec
287 2064 365 2140 juste
382 2063 576 2139 sapienterque
590 2063 738 2139 disceptet,
754 2063 890 2140 reliquum
906 2071 958 2129 est,
970 2062 1089 2141 judices,

147 2151 178 2199 nt
191 2142 259 2199 nihil
277 2142 338 2219 jam
352 2160 479 2218 quaerere
498 2141 574 2199 aliud
595 2141 731 2208 debeatis,
745 2141 805 2208 uisi,
820 2148 884 2199 uter
902 2141 957 2199 utri
977 2142 1090 2199 insidias

147 2220 250 2277 lecerit.
293 2220 378 2289 Quod
402 2238 459 2310 quo
479 2218 587 2277 facilins
607 2221 779 2309 argumentis
795 2222 954 2298 perspicere
968 2221 1088 2298 possitis,

147 2318 206 2356 rem
224 2305 342 2434 gestam
355 2299 435 2356 vobis
459 2297 527 2355 dum
541 2298 662 2355 breviter
680 2315 799 2375 expono,
814 2318 922 2375 quaeso,
942 2299 1090 2434 diligenter
1104 2309 1141 2362 25

146 2384 223 2435 atten
244 2378 292 2436 ite.
334 2382 380 2433 24.
401 2376 434 2433 P.
450 2375 566 2434 Clodius
586 2395 675 2452 quum
688 2377 832 2434 statuisset
851 2377 926 2434 omni
943 2397 990 2436 sce
1001 2396 1048 2434 ere
1062 2377 1090 2433 iu

147 2464 273 2532 praetura
296 2473 399 2513 vexare
421 2454 650 2531 rempublicam,
672 2454 835 2531 videretque
859 2456 898 2512 ita
918 2464 1009 2513 tracta
1029 2474 1090 2513 esse

147 2533 259 2591 comitia
279 2552 352 2590 anno
375 2534 526 2610 superiore,
547 2541 580 2590 ut
602 2551 657 2590 non
678 2533 782 2590 multos
804 2552 913 2591 menses
937 2545 1089 2612 praeturam

147 2631 243 2689 gerere
279 2619 363 2680 osset,
378 2612 427 2688 qui
440 2630 495 2668 nou
515 2611 627 2668 honoris
641 2611 763 2689 gradum
777 2621 927 2689 spectaret,
942 2623 975 2670 ut
994 2614 1087 2680 ceteri,

147 2690 196 2747 sed
210 2699 240 2748 et
254 2632 286 2747 ii.
301 2690 433 2747 Paullum
446 2690 584 2767 collegam
594 2691 720 2767 effugere
734 2691 826 2755 vellet,
841 2690 974 2769 singulari
987 2693 1089 2750 virtute
1103 2703 1141 2755 30

148 2769 244 2835 civem,
261 2776 290 2826 et
303 2788 406 2825 aunum
427 2769 567 2846 integrum
583 2769 620 2826 ad
641 2769 848 2828 dilacerandam
869 2788 928 2826 rem
947 2771 1089 2848 publicam

147 2855 293 2924 quareret,
305 2847 398 2905 subito
409 2847 519 2923 reliquit
533 2865 636 2904 annum
651 2867 734 2904 suum
748 2866 866 2926 seseque
884 2848 912 2904 iu
931 2849 1089 2925 proximum

148 2943 249 2982 annum
262 2925 415 2991 transtulit,
427 2944 490 2992 nou,
501 2932 533 2982 ut
546 2925 587 2992 fit,
599 2926 732 3003 religione
741 2926 841 3003 aliqua,
853 2926 904 2984 sed
918 2936 950 2984 ut
964 2929 1088 2995 haberet,

147 3004 222 3080 quod
247 3005 308 3081 ipse
331 3004 452 3070 dicebat,
474 3004 511 3061 ad
536 3013 691 3080 praeturam
715 3006 877 3082 gerendam,
901 3006 955 3063 hoc
979 3013 1030 3071 est,
1051 3005 1089 3062 ad

148 3082 325 3139 evertendam
338 3102 398 3139 rem
413 3082 561 3158 publicam,
585 3083 699 3160 plenum
718 3101 822 3140 annum
840 3091 925 3160 atque
939 3084 1087 3162 integrum.
1102 3098 1140 3150 35

149 3167 192 3218 25.
224 3161 398 3218 Occurrebat
420 3161 452 3227 ei,
478 3179 607 3217 mancam
628 3180 661 3217 ac
682 3161 804 3219 debilem
828 3171 983 3239 proeturam
1008 3181 1089 3219 suam

147 3238 277 3304 futuram,
293 3239 407 3296 consule
427 3239 548 3305 Milone;
569 3258 635 3296 eum
655 3259 739 3315 porro
757 3258 867 3297 summo
881 3259 1018 3298 consensu
1038 3260 1088 3317 po·

147 3317 205 3393 puli
225 3317 345 3374 Romani
366 3317 510 3374 consulem
530 3317 588 3375 fieri
602 3316 725 3376 videbat.
767 3318 893 3376 Contulit
917 3337 947 3376 se
970 3319 1008 3376 ad
1027 3320 1089 3396 ejus

147 3395 351 3472 competitores,
366 3395 417 3452 sed
431 3396 478 3463 ita,
494 3403 584 3453 totam
597 3406 630 3453 ut
645 3397 807 3473 petitionem
830 3397 890 3474 ipse
904 3396 988 3464 solus,
1003 3398 1088 3454 etiam

147 3472 236 3530 invitis
249 3473 311 3539 illis,
332 3475 521 3551 gubernaret;
543 3481 603 3531 tota
616 3483 649 3531 ut
669 3475 781 3531 comitia
795 3477 861 3541 suis,
876 3484 910 3532 ut
930 3475 1085 3541 dictitabat,
1101 3486 1139 3540 40

146 3550 266 3609 humeris
287 3552 446 3609 sustineret.
489 3551 672 3609 convocabat
694 3553 800 3620 tribus;
825 3572 855 3610 se
873 3554 1087 3630 interponebat;

147 3628 281 3688 Collinam
296 3649 397 3687 novam
413 3629 525 3688 delectu
545 3631 794 3707 perditissimorum
814 3632 914 3688 civium
930 3632 1085 3707 conscribe·

145 3706 199 3764 bat.
241 3709 357 3778 Quanto
376 3708 423 3765 ille
444 3709 525 3784 plura
545 3709 689 3776 miscebat,
704 3716 784 3767 tanto
805 3710 849 3767 hic
868 3711 957 3788 magis
979 3711 1006 3767 in
1027 3710 1087 3767 dies

145 3787 367 3845 convalescebat.
408 3786 465 3845 Ubi
477 3785 548 3844 vidit
567 3788 653 3844 homo
667 3788 705 3843 ad
725 3806 807 3845 omne
824 3788 932 3845 lacinus
946 3786 1087 3866 paratissi-

591 3865 644 3923 10*
