2742 4384
180 283 239 343 ,68
331 290 337 301 ’
559 308 563 315 <
674 292 784 336 culmo

249 447 285 487 ex
297 428 388 485 salute
398 445 456 484 non
464 425 556 484 minor
570 444 653 504 paene
667 426 705 482 ad
719 444 827 493 omnes,
839 445 925 503 quam
939 425 975 483 ad
990 425 1069 484 illum
1082 431 1202 483 ventura

246 508 292 573 sit,
317 507 414 564 laetitia
439 507 614 583 pervenerit:
646 513 673 562 4.
702 505 780 582 quod
804 506 920 581 quidem
942 507 967 563 ei
991 505 1092 563 merito
1115 514 1201 582 atque

246 586 354 663 optimo
366 586 430 663 jure
445 585 570 663 contigit.
613 585 683 654 Quis
698 585 771 641 enim
786 594 830 642 est
850 585 898 642 illo
912 591 963 641 aut
984 585 1130 642 nobilitate
1151 591 1201 641 aut

246 666 388 742 probitate
402 672 452 721 aut
472 665 644 741 optimarum
664 663 768 720 artium
782 663 877 721 studio
901 672 951 721 aut
973 664 1131 722 innocentia
1150 669 1201 720 aut

219 744 305 804 bullo
319 744 411 801 laudis
424 762 527 822 genere
542 743 745 820 praestantior‘?

286 824 325 881 Il.
348 823 462 880 Nullius
476 830 587 880 tantum
601 823 707 879 fiumen
720 829 765 879 est
777 821 889 899 ingenii,
903 821 1008 879 nullius
1023 821 1135 879 dicendi
1148 828 1200 879 aut

246 902 387 960 scribendi
406 910 486 959 tanta
500 901 550 968 vis,
572 910 652 959 tanta
673 901 763 978 copia,
779 920 844 978 quae
864 920 920 958 non
941 900 1033 959 dicam
1054 919 1198 968 exornare,

246 981 298 1038 sed
322 1000 460 1049 enarrare,
484 981 516 1038 0.
543 981 647 1047 Caesar,
669 1000 715 1037 res
738 988 802 1037 tuas
827 988 924 1058 gestas
946 981 1043 1057 possit.
1093 981 1200 1037 Tamen

246 1060 354 1118 affirmo
369 1069 397 1119 et
412 1062 466 1118 boc
487 1078 559 1137 pace
573 1059 665 1116 dicam
677 1067 747 1116 tua:
769 1059 876 1116 nullam
900 1060 928 1117 in
947 1060 991 1117 his
1009 1059 1122 1117 laudem
1137 1077 1199 1116 esse

199 1141 420 1216 loampliorem,
442 1159 527 1217 quam
549 1158 620 1206 eam,
635 1158 722 1215 quam
745 1138 880 1196 hodierno
902 1140 946 1197 die
968 1148 1138 1196 consecutus
1158 1156 1197 1195 es.

246 1226 272 1276 5.
295 1219 380 1276 Soleo
401 1238 478 1296 saepc
502 1225 568 1276 ante
592 1220 690 1276 oculos
711 1237 815 1296 ponere
840 1218 926 1294 idque
950 1219 1070 1276 libenter
1093 1217 1198 1275 crebris

244 1316 382 1375 usurpare
389 1298 580 1355 sermonibus:
595 1316 693 1355 omnes
702 1306 863 1354 nostrorum
873 1298 1086 1374 imperatorum,
1099 1315 1197 1354 omnes

244 1383 405 1434 exterarum
426 1378 554 1455 gentium
576 1377 892 1454 potentissimorumque
906 1377 1085 1454 populorum,
1101 1394 1198 1433 omnes

244 1455 461 1513 clarissimorum
482 1476 582 1534 regum
597 1475 641 1513 res
655 1465 752 1534 gestas
766 1473 832 1513 cum
846 1456 902 1512 tuis
916 1475 968 1513 nec
987 1455 1197 1513 contentionum

201 1542 234 1597 15
244 1534 439 1611 magnitudine
453 1554 505 1592 nec
519 1554 636 1592 numero
657 1535 822 1611 proeliorum
835 1553 887 1591 nec
902 1535 1037 1593 varietate
1052 1535 1198 1612 regionum
1236 1579 1239 1585 .

243 1632 295 1670 nec
311 1614 454 1671 celeritate
469 1613 633 1671 conficiendi
654 1633 706 1671 nec
722 1613 947 1671 dissimilitudine
961 1615 1100 1673 bellorum
1114 1630 1197 1690 posse

244 1692 383 1760 conferri;
414 1712 466 1750 nec
492 1711 558 1750 vero
583 1692 815 1769 disjunctissimas
842 1700 932 1750 terras
956 1693 1038 1752 citius
1066 1693 1197 1770 passibus

244 1771 412 1849 cujusquam
437 1772 562 1850 potuisse
584 1772 736 1850 peragrari,
759 1790 845 1849 quam
865 1773 920 1830 tuis
941 1792 997 1830 non
1019 1774 1112 1830 dicam
1134 1791 1196 1830 cur-

243 1850 329 1918 sibus,
359 1851 410 1908 sed
433 1851 556 1909 victoriis
579 1852 708 1909 lustratae
732 1863 807 1909 sunt.
852 1858 878 1909 6.
911 1852 983 1920 Quae
1009 1852 1122 1930 quidem
1142 1869 1197 1929 ego

196 1939 234 1993 20
244 1931 296 1986 nisi
309 1937 369 1987 tam
383 1949 487 2009 magna
505 1950 566 1987 esse
580 1931 679 1998 fatear,
694 1939 728 1987 ut
748 1950 782 1988 ea
796 1931 842 1988 vix
856 1933 1024 2009 cujusquam
1046 1950 1125 1989 mens
1146 1938 1197 1987 aut

244 2010 378 2087 cogitatio
400 2029 502 2087 capere
529 2010 627 2086 possit,
653 2029 750 2067 amens
771 2010 832 2076 sim,
854 2010 905 2067 sed
933 2019 1028 2068 tamen
1050 2017 1116 2067 sunt
1143 2010 1197 2066 alia

243 2089 359 2165 majora.
413 2089 489 2146 Nam
516 2089 630 2146 bellicas
658 2088 758 2147 leudes
785 2090 876 2146 solent
903 2090 1019 2165 quidam
1044 2098 1196 2147 extenuare
1273 2099 1275 2103 “

242 2168 336 2225 verbis
350 2186 455 2246 easque
470 2168 618 2225 detrahere
633 2167 762 2236 ducibus,
781 2169 988 2226 communicare
1008 2189 1073 2227 cum
1089 2167 1195 2235 multis,

242 2265 278 2303 ne
300 2248 422 2324 propriae
436 2248 491 2305 sint
514 2247 725 2324 imperatorum.
767 2249 806 2305 Et
828 2256 904 2306 certe
924 2248 953 2305 in
971 2250 1056 2306 armis
1076 2248 1197 2305 militnm

198 2335 234 2390 25
243 2326 341 2394 virtus,
356 2327 483 2385 locorum
496 2327 702 2403 opportunitas
714 2327 817 2384 auxilia
828 2328 976 2395 sociorum,
992 2329 1104 2394 classes,
1119 2346 1195 2385 com·

243 2414 355 2463 meatus
375 2406 497 2463 multum
519 2406 628 2483 juvant,
650 2406 805 2462 maximam
819 2425 886 2465 vero
907 2420 1018 2484 partem
1042 2407 1123 2484 quasi
1144 2426 1196 2463 suo

241 2483 306 2560 jure
326 2485 439 2542 fortuna
453 2486 506 2542 sibi
520 2482 649 2542 vindicat
664 2491 694 2542 et
706 2484 843 2562 quidquid
865 2506 1000 2564 prospere
1014 2500 1129 2565 gestum
1142 2492 1194 2554 est,

243 2562 273 2619 id
295 2581 375 2639 paene
390 2583 472 2621 omne
492 2564 571 2621 ducit
591 2583 682 2620 sunm.
727 2565 752 2622 7.
774 2567 817 2621 At
837 2584 904 2622 vero
925 2566 1011 2643 hujus
1030 2568 1138 2644 gloriae,
1161 2565 1194 2623 0.

245 2640 350 2707 Oaesar,
362 2661 449 2718 quam
460 2661 490 2698 es
504 2643 589 2719 paulo
599 2651 665 2699 ante
679 2642 809 2720 adeptus,
820 2645 929 2701 socium
939 2646 1028 2701 habes
1042 2645 1194 2702 neminem:

197 2729 235 2783 30
244 2728 337 2777 totum
357 2721 410 2777 hoc
431 2730 681 2798 quantumcunque
703 2731 754 2788 est,
777 2723 854 2799 quod
879 2731 955 2780 certe
969 2724 1123 2779 maximum
1141 2730 1195 2791 est,

243 2806 337 2856 totum
351 2806 402 2866 est,
417 2800 539 2876 inquam,
554 2809 642 2858 tuum.
685 2801 763 2858 Nihil
778 2802 831 2859 sibi
844 2821 879 2860 ex
892 2803 946 2859 ista
959 2802 1044 2860 laude
1059 2803 1195 2869 centurio,

243 2878 309 2935 nihil
337 2879 498 2955 praefectus,
523 2880 591 2937 nibil
616 2881 725 2947 cohors,
751 2880 819 2938 nibil
843 2889 936 2938 turma
959 2881 1102 2959 decerpit:
1127 2882 1197 2957 quin

244 2957 328 3014 etiam
341 2958 388 3014 illa
402 2957 464 3034 ipsa
478 2977 571 3015 rerum
585 2960 773 3016 humanarum
787 2959 908 3028 domina,
924 2962 1058 3027 Fortuna,
1074 2962 1102 3018 in
1114 2961 1196 3019 istius

244 3036 408 3094 societatem
432 3036 529 3114 gloriae
552 3056 660 3094 senon
684 3039 776 3106 offert,
802 3039 853 3097 tibi
875 3040 957 3106 cedit,
983 3048 1062 3097 tuam
1083 3060 1113 3097 se
1132 3059 1196 3098 esse

196 3127 234 3179 35
243 3124 334 3172 totam
349 3123 378 3173 et
392 3116 535 3193 propriam
549 3116 663 3175 fatetur.
706 3118 860 3194 Nunquam
882 3120 955 3176 enim
971 3120 1114 3176 temeritas
1129 3139 1196 3177 cum

244 3195 380 3273 sapientia
394 3195 593 3254 commiscetur
606 3215 698 3273 neque
712 3197 748 3254 ad
763 3199 908 3255 consilium
924 3217 1006 3256 casus
1020 3199 1187 3256 admittitur.

284 3275 340 3331 ΙΙΙ.
382 3282 408 3333 8.
431 3274 571 3331 Domuisti
591 3283 691 3353 gentes
711 3276 886 3334 immanitate
906 3278 1051 3344 barbaras,
1067 3278 1194 3335 multitu·

243 3352 309 3410 dine
332 3353 557 3421 innumerabiles,
582 3354 651 3411 locis
674 3355 803 3423 infinitas,
825 3357 901 3414 omni
921 3356 1065 3434 copiarum
1089 3376 1195 3434 genere

244 3432 436 3489 abundantes:
458 3432 509 3489 sed
525 3440 618 3490 tamen
629 3452 663 3491 ea
676 3435 774 3502 vicisti,
789 3455 854 3512 quae
868 3446 896 3493 et
910 3447 1040 3492 naturam
1055 3445 1083 3493 et
1098 3435 1194 3492 condi-

196 3521 235 3574 40
243 3511 355 3577 tionem,
371 3520 404 3568 ut
419 3512 490 3569 vinci
511 3520 633 3588 possent,
649 3514 801 3577 habebant.
843 3515 931 3572 Nulla
952 3523 996 3572 est
1016 3515 1090 3571 enim
1113 3522 1196 3572 tanta

243 3589 293 3656 vis,
318 3608 383 3666 quae
408 3610 464 3647 non
487 3591 562 3647 lerro
583 3599 612 3648 et
635 3592 740 3649 viribus
764 3593 903 3650 debilitari
924 3595 1072 3672 frangique
1095 3595 1193 3671 possit

243 3669 379 3726 Animum
394 3669 512 3736 vincere,
527 3670 700 3727 iracundiam
715 3673 852 3739 cohibere,
865 3673 1010 3730 victoriam
1024 3682 1194 3749 temperare,

242 3747 436 3806 adversarium
464 3749 617 3817 nobilitate,
647 3750 766 3828 ingenio,
795 3752 899 3808 virtute
927 3761 1110 3829 praestantem
1136 3771 1195 3810 non

241 3827 329 3886 modo
349 3827 483 3911 extollere
501 3827 652 3906 jacentem,
667 3829 719 3888 sed
739 3830 825 3889 etiam
837 3828 1009 3909 amplificare
1023 3832 1086 3910 ejus
1098 3831 1194 3909 pristi-
