2742 4384
367 258 427 298 1³30
441 257 521 298 nol
534 258 690 306 DBIOEARO,
705 257 772 298 w.
786 258 846 308 nv,
860 258 909 299 XV.
1122 254 1161 309 ⁹3

160 407 228 466 quae
252 405 350 445 omncs
375 387 453 445 docti
476 394 565 462 atque
585 386 727 463 sapientcs
746 405 867 453 summa,
888 385 1005 463 quidam
1026 386 1112 445 etiam

162 467 224 524 sola
245 467 321 524 bona
343 485 406 523 esse
430 466 572 531 dixerunt,
597 466 697 540 hisque
720 485 776 522 uon
796 465 882 522 modo
902 465 939 523 ad
965 466 1044 533 bena,
1060 466 1111 524 sed

163 546 247 602 etiam
270 545 309 603 ad
332 546 416 602 beate
436 543 591 600 vivendum
613 552 775 600 contentam
796 563 858 601 esse
880 545 1020 602 virtutem.
1062 552 1109 603 38.

162 624 235 682 Haec
259 624 306 680 ille
325 631 471 700 reputans,
486 630 516 678 ιι
539 622 601 679 dics
622 631 774 711 noctesque
795 623 932 712 cogitans,
948 642 1003 680 non
1024 623 1111 681 modo

161 702 213 759 tibi
235 721 294 759 non
316 708 473 768 succenset,
500 699 589 778 (esset
612 701 686 757 enim
708 719 764 757 non
788 700 906 758 solum
900 712 1037 778 nigratus,
1058 701 1138 770 aeds

161 781 247 837 etiam
271 778 390 870 amens),
415 798 516 837 verum
539 797 654 836 omnem
676 779 907 855 tranquillitatem
932 790 962 837 ιι
984 781 1109 858 quictem

161 860 315 916 senectutis
328 866 477 935 acceptam
490 858 579 914 refert
592 858 748 915 clementiae
763 865 831 915 tuae.

143 940 152 953 ‘
198 938 282 995 XIV.
316 937 379 1005 Quo
402 936 520 1014 quidem
544 936 638 993 auimo
661 955 750 1012 quum
773 944 857 993 antea
879 936 942 1003 fuit,
967 946 1029 994 tum
1052 956 1109 996 non

160 1017 271 1082 dubito,
285 1016 353 1092 quin
375 1015 432 1072 tuis
455 1014 552 1081 literis,
574 1033 695 1090 quarum
715 1014 877 1091 exemplum
898 1014 964 1092 legi,
979 1035 1051 1093 quas
1070 1016 1109 1074 ad

160 1114 227 1151 eum
248 1094 404 1152 Tarracone
425 1094 491 1151 huic
512 1093 654 1150 Blesamio
672 1093 783 1159 dedisti,
799 1112 829 1150 se
843 1094 935 1171 magis
949 1095 1034 1152 etiam
1048 1106 1156 1160 ere-10

160 1174 233 1230 xerit
256 1175 293 1231 ab
315 1173 449 1248 omnique
473 1171 661 1229 sollicitudine
687 1172 865 1229 abstraxerit.
919 1172 1010 1231 Jubcs
1033 1173 1108 1231 enim

160 1252 233 1309 bene
247 1270 360 1328 sperare
374 1259 404 1308 et
425 1252 501 1308 bono
515 1269 577 1307 esse
591 1250 699 1307 animo:
721 1249 798 1326 quod
813 1251 871 1308 scio
892 1259 920 1307 te
934 1269 990 1308 non
1003 1253 1109 1310 trustra

160 1330 283 1388 scribere
295 1330 404 1397 solcre;
425 1329 541 1386 memini
555 1329 628 1386 euim
650 1328 751 1386 iisdem
775 1329 834 1386 fere
848 1331 940 1387 verbis
953 1330 991 1388 ad
1012 1350 1057 1388 me
1078 1340 1108 1389 ta

161 1409 282 1467 scribere
301 1427 405 1485 meque
429 1408 486 1465 tuis
511 1407 599 1465 literis
619 1408 691 1466 bone
710 1425 825 1483 sperare
844 1426 901 1465 non
921 1410 1026 1469 frustra
1045 1427 1107 1467 esse

158 1487 280 1564 jussum.
311 1494 358 1544 39.
379 1487 494 1544 Laboro
504 1485 636 1562 equidem
649 1485 725 1563 regis
739 1486 864 1544 Deiotari
878 1506 972 1554 causa,
983 1507 1107 1564 quocum
1118 1496 1155 1552 15

160 1567 229 1622 mihi
251 1565 401 1623 amicitiam
421 1584 468 1622 res
489 1565 603 1641 publica
622 1564 787 1631 conciliavit,
808 1565 962 1642 hospitium
976 1569 1107 1624 voluntas

160 1644 309 1720 utriusque
323 1644 477 1721 conjunxit,
492 1643 709 1701 familiaritatem
723 1644 899 1701 consuetudo
912 1645 1015 1711 attulit,
1030 1664 1106 1702 sum-

160 1741 238 1779 mam
252 1741 319 1779 vero
332 1721 569 1780 necessitudinem
582 1741 688 1799 magna
701 1722 763 1799 ejus
777 1723 867 1780 officia
881 1731 910 1779 et
929 1723 957 1780 iu
971 1742 1017 1780 mo
1031 1732 1061 1780 et
1079 1724 1108 1780 in

160 1801 315 1858 exercitum
328 1820 424 1858 meum
439 1801 609 1866 effecerimt;
630 1800 680 1857 sed
702 1819 791 1877 quum
806 1801 842 1858 de
863 1801 911 1858 illo
924 1801 1031 1866 laboro,
1045 1810 1108 1858 tum

159 1880 197 1937 de
211 1880 308 1938 multis
322 1879 542 1956 amplissimis
516 1880 589 1947 vnis,
604 1879 707 1955 quibus
721 1879 809 1936 semel
829 1879 959 1956 ignotum
973 1898 990 1936 a
1003 1887 1033 1936 te
1046 1898 1107 1936 esse
1118 1888 1156 1941 20

159 1965 282 2049 oportet,
296 1977 349 2015 nec
362 1958 530 2016 beneficium
543 1958 645 2015 tuum
638 1957 798 2015 indubium
813 1958 915 2025 vocari,
930 1976 982 2015 nec
999 1958 1107 2015 haerere

158 2037 188 2094 in
198 2037 297 2095 animis
307 2037 455 2095 hominum
465 2036 679 2095 sollicitudinem
691 2036 892 2127 sempitcrpam
903 2056 955 2094 nec
969 2035 1105 2103 accidere,

157 2124 192 2173 ut
205 2117 357 2207 quisquam
376 2122 406 2173 te
419 2116 519 2173 timere
532 2115 646 2192 incipiat
666 2133 772 2181 eorum,
787 2114 836 2192 qui
856 2116 912 2173 sint
932 2114 1019 2172 semel
1039 2134 1057 2173 a
1077 2124 1106 2173 te

158 2194 303 2253 liberatit'
283 2203 392 2253 trmore.
434 2200 481 2251 40.
503 2194 570 2251 Non
583 2194 682 2260 debeo,
699 2194 731 2250 0.
748 2194 855 2261 Oaesar,
870 2193 946 2270 quod
960 2194 1020 2252 fieri
1033 2193 1106 2251 solet

158 2274 187 2330 in
199 2274 287 2331 tantis
309 2272 449 2350 periculis,
463 2278 582 2339 tentare,
597 2290 753 2349 ecquonam
767 2271 853 2329 modo
867 2272 987 2330 dicendo
1000 2272 1104 2329 miseri·
1118 2279 1155 2332 rt

159 2353 286 2409 cordiam
299 2358 381 2408 tuam
394 2369 573 2408 commovere
587 2351 701 2427 possim.
742 2350 821 2407 Nihil
841 2369 913 2427 opus
926 2360 987 2418 est;
1008 2370 1105 2408 occur·

158 2449 220 2488 rere
240 2431 315 2488 solet
338 2430 400 2507 ipsa
413 2428 589 2506 supplicibus
609 2435 639 2487 et
662 2428 839 2495 calamitosis,
857 2429 961 2487 nullius
981 2429 1106 2485 oratione

159 2515 286 2566 evocata.
316 2508 448 2585 Propone
462 2507 514 2565 tibi
526 2508 599 2565 duos
612 2525 704 2584 reges,
716 2515 745 2563 ιι
758 2507 787 2565 id
801 2507 894 2565 animo
904 2507 1104 2585 contemplare,

159 2588 237 2662 quod
252 2587 341 2644 oculis
354 2606 412 2644 non
425 2590 516 2663 potes
557 2586 646 2644 Dabis
665 2586 793 2662 profecto
806 2586 1013 2653 misericordiae,
1028 2586 1106 2663 quod

159 2664 509 2754 iracundiaedeuegavisti.
535 2663 627 2722 Multa
650 2672 718 2721 sunt
741 2672 800 2722 tuae
825 2665 981 2723 clementiae
1006 2685 1105 2722 monu·
1095 2670 1156 2722 -80

160 2752 264 2812 menta,
287 2743 339 2801 sed
362 2742 485 2800 maxime
509 2761 607 2799 eorum
625 2743 841 2809 incolumitates,
862 2744 965 2819 quibus
985 2744 1105 2801 salutem

161 2787 271 2880 dedisti
322 2822 395 2890 Quae
420 2821 495 2878 siin
519 2820 634 2898 privatis
657 2821 781 2899 gloriosa
805 2830 879 2889 sunt,
903 2822 994 2879 multo
1014 2822 1107 2900 magis

161 2898 486 2958 commemorabuntur
478 2918 508 2956 m
527 2900 651 2977 regibus
693 2899 813 2976 Semper
831 2899 942 2978 regium
955 2920 1058 2958 nomen
1078 2901 1108 2957 in

160 2980 213 3035 hac
228 2979 342 3037 civitate
356 2986 487 3036 sanctum
507 2978 577 3046 fuit;
597 2978 738 3037 sociorum
751 2996 818 3035 vero
838 2998 939 3057 regum
953 2985 983 3036 et
1002 2980 1106 3036 amico·

160 3077 222 3114 rum
237 3057 455 3116 sanctissimum.
1118 3061 1156 3114 35

198 3137 263 3194 XV.
306 3141 353 3195 41.
376 3135 461 3205 Quod
474 3154 578 3193 nomen
590 3134 620 3193 hi
633 3154 716 3213 reges
729 3154 765 3192 ne
779 3135 948 3203 amitterent,
959 3143 988 3192 ιι
1001 3136 1107 3192 victore

160 3215 332 3283 timuerunt;
346 3223 490 3272 retentum
500 3233 567 3271 vero
577 3222 606 3270 et
616 3233 633 3270 a
643 3222 672 3271 ιι
683 3215 881 3272 confirmatum
891 3214 1011 3292 posteris
1022 3215 1107 3271 etiam

161 3294 217 3351 suis
230 3294 386 3351 tradituros
400 3312 463 3350 esse
477 3292 596 3350 confido.
629 3293 757 3370 Corpora
771 3311 823 3349 sua
837 3312 889 3369 pro
903 3292 994 3349 salute
1007 3312 1107 3371 regum

161 3392 276 3430 suorum
290 3371 320 3429 hi
333 3371 423 3448 legati
435 3371 488 3429 tibi
501 3371 572 3448 regii
591 3371 719 3438 tradunt,
734 3371 836 3428 Hieras
850 3379 879 3428 et
900 3371 1058 3428 Blesamius
1079 3379 1109 3428 ιι

161 3450 333 3527 Antigonus,
348 3450 400 3507 tibi
422 3449 561 3525 nobisque
581 3450 712 3508 omnibus
729 3449 841 3526 jamdiu
863 3450 931 3517 uoti,
951 3450 1108 3526 eademque
1120 3450 1158 3504 40

160 3527 215 3585 tide
228 3535 259 3585 et
282 3528 388 3585 virtute
413 3528 554 3606 praeditus
578 3528 730 3604 Dorylaus,
752 3529 801 3604 qui
823 3547 915 3605 nuper
936 3548 1001 3585 cum
1022 3528 1110 3587 Hiera

160 3606 272 3684 legatus
286 3613 331 3664 est
351 3607 389 3665 ad
409 3614 440 3664 te
453 3607 564 3673 missus,
579 3626 667 3683 quum
681 3626 784 3684 regum
798 3607 965 3673 amicissimi,
980 3614 1042 3664 tum
1060 3608 1110 3666 tibi

161 3685 252 3752 etiam,
267 3692 303 3743 ut
322 3703 416 3762 spero,
432 3685 552 3761 probati.
594 3691 641 3744 42.
663 3686 787 3762 Exquire
807 3687 844 3744 de
865 3685 1013 3752 Blesamio,
1028 3706 1109 3743 num·

161 3763 227 3839 quid
246 3764 287 3822 ad
306 3782 408 3842 regem
422 3770 521 3821 contra
534 3763 703 3841 dignitatem
722 3772 803 3821 tuam
816 3764 968 3842 scripserit.
1009 3764 1111 3820 Hieras
