2742 4384
320 301 380 341 rso
394 302 419 342 r.
434 300 531 340 asino
545 300 665 351 maon,
681 301 748 341 our.
763 302 834 351 1111,
849 302 934 344 mn.
1083 289 1139 343 128

171 432 272 490 XXII.
295 430 382 500 Quod
400 430 488 508 igitur
510 429 538 486 in
553 448 638 487 causa
657 431 844 507 quarendum
858 440 910 499 est,
925 431 953 490 id
969 451 1089 511 mamus

29 510 30 527 ¹
132 511 196 578 hira
216 511 300 601 qnod
323 509 471 566 tormentis
491 509 613 566 invenire
630 509 680 575 vis,
696 510 724 566 id
749 510 878 569 fatemur.
921 512 1007 569 Manu
1022 532 1088 570 vero

132 609 185 647 cur
204 590 364 654 miserit‚si
385 588 415 644 id
438 588 534 664 potius
552 589 664 662 quaen's,
685 606 771 664 quarn
793 609 843 646 cur
862 609 962 667 parurn
986 592 1088 669 amplis

131 670 261 726 affecerit
283 668 417 744 praemiis,
433 666 525 723 nescis
538 665 638 723 inimici
657 666 764 723 lacrum
785 669 997 744 reprehendere.
1039 678 1086 728 58.

132 748 212 804 Dixit
226 748 305 803 enim
321 746 365 802 hic
378 744 463 811 idem,
473 745 523 820 qui
536 745 628 801 omnis
637 762 751 821 semper
761 756 921 803 constanter
930 758 959 804 et
969 748 1086 815 fortiter,
1100 759 1118 811 6

133 825 172 882 Ii.
188 827 274 890 Cato,
290 833 322 881 et
334 824 406 881 dixit
426 823 456 879 in
474 823 640 879 turbulenta
653 823 795 890 concione,
808 842 873 901 quas
894 834 987 883 tamen
1001 826 1087 904 hujus

132 904 307 961 auctoritate
336 904 450 979 placata
476 908 530 967 est,
555 919 610 958 non
640 900 770 959 libertate
796 903 898 969 solum,
920 904 971 962 sed
1001 907 1086 963 etiam

133 985 267 1040 omnibus
279 981 405 1059 praemiis
412 979 591 1058 dignissimos
605 979 699 1045 tuisse,
713 980 761 1056 qni
771 982 875 1038 domiui
889 990 977 1059 caput
990 983 1085 1040 deien-

132 1062 252 1119 dissent.
295 1060 380 1127 Quod
395 1060 470 1116 enim
485 1059 631 1134 premium
642 1058 710 1115 satis
724 1078 858 1137 magnum
872 1071 915 1118 est
930 1070 987 1118 tam
1002 1063 1085 1120 bene·

132 1141 211 1206 volis,
228 1149 291 1196 tam
317 1139 404 1204 bonis,
427 1146 486 1193 tam
507 1135 636 1194 fidelibus
660 1137 756 1204 serris,
772 1150 889 1215 propter
911 1159 983 1216 quos
996 1142 1086 1198 sirit?
1102 1147 1138 1200 10

133 1219 195 1275 Etsi
215 1218 247 1274 id
268 1217 383 1293 quidem
404 1234 461 1272 non
481 1215 552 1272 tanti
572 1224 624 1280 est,
638 1234 724 1291 quam
738 1217 814 1292 quod
835 1226 952 1295 propter
971 1219 1087 1277 eosdem

133 1316 188 1353 non
202 1297 343 1374 sanguine
356 1302 387 1352 et
400 1293 564 1351 vulneribus
577 1294 634 1350 suis
648 1294 832 1352 crudelissimi
851 1296 950 1354 inimici
964 1308 1087 1354 mentem

135 1377 293 1451 oculosque
307 1373 426 1431 satiavit.
459 1373 537 1441 Quos
550 1372 600 1457 nisi
614 1374 828 1440 manumisisset,
843 1377 988 1433 tormentis
1002 1377 1086 1433 etiarn

135 1453 262 1511 dedendi
283 1452 399 1510 fuerunt
419 1460 629 1508 conservatores
649 1452 762 1518 domini,
777 1453 883 1510 ultores
901 1455 1021 1521 sceleris,
1037 1455 1085 1512 de

135 1533 263 1589 sessores
286 1531 371 1588 necis.
414 1529 469 1587 Hic
490 1547 556 1586 vero
578 1529 645 1586 nihil
669 1530 758 1587 habet
781 1531 808 1587 in
832 1532 875 1588 his
899 1533 987 1599 maiis,
1008 1533 1085 1610 quod
1101 1538 1137 1593 lt

136 1612 229 1667 minus
243 1609 363 1666 moleste
386 1608 467 1674 ferat,
482 1626 576 1684 quan,
591 1608 699 1666 etiamsi
723 1609 792 1685 quid
812 1610 865 1687 ipsi
885 1611 1004 1677 accidat,
1024 1630 1086 1669 esse

137 1696 233 1746 tamen
253 1689 307 1745 illis
319 1687 452 1744 meritum
467 1687 614 1763 praemium
639 1688 822 1764 persolutum.
864 1696 912 1747 69.
934 1690 991 1746 Sed
1006 1709 1085 1766 qure-

137 1769 242 1824 stiones
265 1774 370 1844 urgent
393 1765 536 1831 Milonem,
561 1785 625 1842 quae
651 1776 717 1823 sunt
741 1768 846 1824 habitae
871 1786 945 1824 nunc
968 1769 994 1823 in
1015 1768 1087 1823 atrio

138 1846 299 1904 Libertatis.
341 1845 517 1913 Quibusnam
531 1844 567 1901 de
581 1845 692 1901 servis?
726 1845 846 1923 Rogas?
878 1846 922 1901 De
936 1846 969 1902 P.
985 1845 1085 1902 Clodii.

138 1926 209 1994 Quis
223 1943 272 1981 eos
294 1923 472 2000 postulavit?
513 1923 634 2000 Appius.
676 1924 747 1992 Quis
767 1923 923 2001 produxit?
964 1923 1085 2001 Appius.
1100 1933 1138 1987 20

138 2003 247 2061 Unde?
289 2003 340 2059 Ab
354 2001 461 2078 Appio.
502 2000 548 2057 Dii
568 2002 647 2059 bonil
668 2002 736 2078 quid
760 2011 854 2079 potest
875 2003 921 2093 agi
942 2004 1085 2061 severius?

139 2082 181 2140 De
192 2082 283 2139 servis
296 2080 373 2136 nulla
387 2082 451 2156 lege
462 2080 580 2155 questio
590 2088 634 2137 est
647 2080 675 2136 in
690 2081 842 2147 dominum,
854 2082 904 2139 nisi
918 2082 955 2139 de
968 2082 1085 2150 incestu,

138 2171 170 2217 ut
183 2161 239 2218 fuir
252 2160 283 2216 in
297 2159 438 2216 Clodium.
470 2158 600 2216 Proxime
614 2160 683 2217 deos
696 2160 815 2217 accessit
829 2160 955 2227 Clodius,
970 2161 1085 2238 propius

138 2246 311 2315 quamtum,
327 2257 415 2313 quum
429 2235 468 2293 ad
488 2236 564 2313 ipsos
579 2247 748 2314 penetrarat,
763 2239 894 2315 cujusda
908 2251 998 2297 morte
1013 2248 1084 2296 tam-

138 2317 277 2394 quamde
291 2315 457 2373 caerimoniis
471 2316 578 2373 violatis
598 2317 740 2393 quaritur.
782 2317 840 2374 Sed
856 2326 950 2376 tamen
964 2318 1086 2394 majores
1100 2325 1137 2379 25
1229 2320 1236 2333 ’

138 2397 228 2453 nostri
240 2398 270 2453 in
283 2395 429 2451 dominnm
444 2391 597 2473 [deservo]
611 2395 700 2471 qnaeri
712 2396 870 2463 noluerunt,
881 2416 936 2453 non
950 2397 1017 2472 quia
1030 2415 1086 2452 non

140 2482 238 2551 posset
265 2492 364 2530 rerum
390 2473 513 2538 inveniri,
541 2476 592 2530 sed
616 2473 682 2550 quia
708 2474 858 2531 videbatur
883 2476 1029 2553 indignum
1057 2482 1086 2532 et

141 2553 262 2610 dominis
275 2561 367 2608 morte
390 2551 454 2625 ipsa
473 2552 587 2608 tristius.
628 2553 662 2608 In
676 2571 757 2609 reum
771 2552 807 2610 de
821 2572 902 2610 servo
916 2555 1086 2611 accusatoris

141 2650 230 2707 quum
254 2630 398 2706 quaen‘tur,
424 2647 521 2686 verum
543 2630 656 2687 inveniri
680 2632 799 2708 potest?
851 2638 897 2689 60.
919 2634 985 2710 Age
1008 2652 1085 2699 vero,

142 2728 207 2784 quae
222 2716 282 2767 erat
296 2717 346 2765 aut
359 2708 450 2784 qualis
464 2709 603 2784 quaestio‘?
645 2709 725 2766 Heus
738 2717 779 2774 tu,
794 2710 886 2775 Rufio,
902 2711 980 2768 verbi
991 2729 1084 2778 causa,
1099 2717 1138 2770 80

143 2806 211 2845 cave
233 2787 271 2845 sis
293 2788 438 2844 mentiare.
480 2787 596 2844 Clodius
619 2787 732 2844 insidias
754 2788 820 2845 lecit
841 2788 958 2846 Miloni?
999 2789 1084 2847 Fecit.

143 2866 229 2923 Certa
253 2885 330 2923 crux.
373 2865 474 2922 Nullas
493 2866 567 2923 fecit.
617 2865 737 2941 Sperata
760 2867 883 2925 libertas.
934 2867 1009 2936 Quid
1032 2868 1087 2925 hac

143 2946 296 3020 quaestione
318 2944 443 3000 nemius?
484 2944 585 3001 Subito
605 2944 716 3021 abrepti
739 2945 767 3001 in
787 2945 972 3020 quaestionem
993 2954 1087 3002 tamen

142 3034 311 3099 separantur
323 3040 342 3076 a
356 3022 455 3078 ceteris
469 3030 497 3079 et
519 3023 547 3078 in
567 3040 647 3078 arcas
668 3024 861 3100 conjiciuntur,
877 3043 911 3081 ne
935 3025 998 3100 quis
1022 3042 1087 3080 cum

142 3101 175 3157 iis
200 3102 322 3176 colloqui
346 3100 443 3176 possit.
493 3101 531 3157 Hi
558 3110 671 3158 centum
694 3101 754 3158 dies
781 3120 868 3177 penes
894 3112 1086 3159 accusatorem
1100 3108 1137 3160 35

143 3197 231 3254 quum
244 3180 373 3243 fuissent,
388 3179 425 3235 ab
439 3197 472 3234 eo
494 3179 556 3256 ipso
569 3187 733 3236 accusatore
754 3179 885 3256 producti
898 3188 970 3237 sunt.
1012 3180 1087 3248 Quid

143 3257 197 3313 hac
211 3257 367 3333 quaestione
380 3256 435 3313 dici
449 3266 544 3333 potest
556 3258 715 3334 integrius?
736 3257 804 3333 quid
817 3258 1027 3334 incorruptius?

182 3335 294 3392 XXIII.
337 3341 383 3391 61.
406 3336 489 3404 Quod
511 3335 534 3392 si
556 3336 679 3392 nondum
699 3337 767 3392 satis
792 3337 912 3402 cernitis
934 3356 1022 3413 quum
1043 3354 1088 3392 res

142 3413 205 3490 ipsa
219 3421 335 3470 tottam
349 3412 429 3470 claris
442 3414 614 3491 argumentis
627 3414 770 3489 signisque
790 3415 891 3480 luceat,
906 3433 978 3491 pura
994 3424 1087 3470 mente

143 3501 228 3568 atque
248 3493 360 3568 integra
373 3492 514 3558 Milonem,
528 3492 605 3548 nullo
619 3493 724 3548 scelere
745 3492 893 3557 imbutum,
909 3492 985 3549 nullo
1010 3501 1088 3548 metu
1101 3497 1140 3549 40

143 3571 333 3646 perterritum,
355 3570 432 3626 nulla
454 3569 621 3627 conscientia
639 3569 828 3626 exanimatum
852 3571 972 3628 Romam
997 3589 1088 3626 rever·

143 3649 218 3713 tisse,
228 3648 421 3713 recordamini,
433 3668 484 3723 per
494 3649 562 3704 deos
575 3646 762 3703 immortales!
784 3666 847 3723 quae
863 3650 947 3706 fuerit
961 3648 1089 3704 celeritas

143 3726 252 3783 reditus
276 3726 346 3802 ejus,
367 3726 414 3801 qui
438 3728 580 3804 ingressus
601 3725 629 3781 in
653 3726 754 3791 forum,
777 3727 892 3783 ardente
916 3727 1000 3791 curia,
1023 3742 1088 3798 quae

145 3805 313 3881 magnitudo
336 3804 428 3871 animi,
447 3805 497 3881 qui
512 3804 614 3870 vultus,
629 3821 694 3879 quae
716 3803 813 3862 oratio
854 3805 956 3881 Neque
969 3820 1036 3860 rero
1060 3819 1091 3858 se
