2742 4384
435 324 494 366 eno
509 325 535 372 u
549 324 680 373 nennio,
695 324 762 364 oar.
777 324 817 374 rx,
830 325 860 365 z
1127 315 1163 372 81

163 453 310 533 provincia
332 452 487 512 venissetis.
539 453 664 513 Venistis
688 453 727 511 ad
750 453 926 532 Pompeium.
977 454 1050 524 Qnre
1073 462 1118 514 est

163 552 232 613 ergo
255 532 334 609 apud
358 533 501 590 (laesarem
520 533 643 610 querele,
657 552 747 610 quum
767 550 833 590 eum
856 534 1002 599 accusetis,
1018 552 1036 590 a
1059 553 1117 610 quo

162 612 320 690 queramini
343 612 501 689 prohibitos
515 630 566 669 vos
580 620 678 669 contra
697 611 841 668 Caesarem
863 632 961 690 gerere
985 613 1115 671 bellum?

161 696 263 767 Atque
274 691 303 747 in
317 690 371 748 hoc
385 690 501 767 quidem
510 690 554 747 vel
569 709 634 747 cum
648 689 804 756 mendacin,
819 691 843 747 si
858 692 950 757 vultis,
959 691 1116 769 gloriemini

161 789 214 847 per
228 788 275 826 me
289 769 357 826 licet
366 788 418 825 vos
426 769 598 845 provinciam
606 769 694 826 fuisse
705 768 811 825 Oesari
826 769 986 827 tradituros.
1008 770 1143 832 Erum-t

161 848 219 905 sie
240 849 321 905 Vero
334 857 364 905 et
387 866 406 904 a
429 847 600 925 quibusdem
624 848 685 905 eliis
708 847 840 924 prohibiti
854 848 929 913 estis,
944 868 999 927 ego
1020 857 1115 907 temen

161 928 321 984 confitebor
334 926 449 1016 culpam
468 945 530 984 esse
550 926 662 1004 Ligarii,
677 926 727 1003 qui
746 944 798 982 vos
817 936 906 985 tantae
921 927 1013 985 laudis
1033 946 1113 985 occa·

160 1006 242 1063 sione
256 1005 416 1082 privaverit.

201 1085 255 1141 IX.
278 1090 325 1142 26.
347 1083 405 1141 Sed
419 1082 492 1150 ride,
507 1100 613 1160 quaeso,
628 1082 734 1151 Caesar,
746 1083 933 1141 constentiam
947 1084 1114 1142 ornatissimi

159 1163 221 1230 viri,
238 1164 273 1220 L.
287 1162 459 1221 Tuberonis:
481 1181 567 1239 quem
587 1180 649 1239 ego,
664 1162 794 1239 quamvis
817 1162 877 1239 ipse
899 1164 1056 1240 probarem,
1080 1171 1162 1223 ullo

160 1244 262 1319 probo,
278 1249 376 1298 tamen
389 1260 446 1297 non
460 1258 717 1307 commemorarem,
731 1241 783 1299 nisi
803 1249 863 1299 ete
877 1242 1070 1331 cognovissem
1084 1242 1112 1299 in

162 1321 260 1398 primis
284 1339 348 1377 eam
361 1321 496 1377 vimutem
516 1319 606 1376 solere
626 1319 744 1377 laudari.
786 1320 859 1388 Quae
880 1321 935 1377 fuit
956 1320 1042 1399 igitur
1062 1340 1111 1377 un·

161 1419 249 1476 quam
269 1399 298 1456 in
311 1399 370 1456 ullo
390 1399 503 1456 homine
519 1406 598 1455 tanta
612 1398 793 1455 constantie?
814 1399 999 1456 constantiam
1023 1398 1111 1456 dico?

160 1479 265 1544 nescio,
279 1497 317 1534 an
329 1477 432 1534 melius
457 1476 620 1554 patientiam
643 1477 749 1553 possim
770 1477 871 1535 dicere.
913 1478 1024 1546 Quotus
1038 1478 1112 1535 enim

159 1557 236 1614 istud
252 1557 372 1633 quisque
391 1555 513 1622 iecisset,
527 1563 568 1621 ut,
580 1573 598 1611 a
610 1556 714 1632 quibus
734 1555 762 1612 in
780 1556 950 1613 dissensione
964 1556 1036 1614 civili
1056 1576 1112 1615 non
1123 1566 1159 1620 15

161 1644 237 1693 esset
249 1645 393 1711 receptus,
408 1643 485 1692 esset
497 1634 582 1692 etiam
596 1653 662 1691 cum
675 1633 842 1691 crudelitate
859 1636 990 1712 rejectus,
1005 1635 1041 1692 ad
1063 1654 1112 1692 eos

160 1715 238 1792 ipsos
266 1713 395 1771 rediret?
448 1712 545 1792 Magni
569 1712 719 1790 cujusdam
743 1713 826 1770 animi
849 1721 936 1791 etque
962 1714 1025 1791 cjus
1052 1714 1111 1781 viri,

161 1812 247 1869 quem
261 1792 299 1849 de
313 1798 449 1868 susceptu
469 1809 554 1848 causa
575 1791 776 1869 propositaque
790 1793 928 1849 sententie
947 1792 1026 1849 nulla
1046 1811 1111 1849 con·

161 1871 287 1937 tumelie,
301 1871 380 1927 nulle
393 1870 567 1937 risnellum
588 1869 745 1946 periculum
834 1872 856 1927 it
872 1870 1022 1948 depellere.
1065 1872 1111 1927 27.

160 1949 203 2008 Ut
227 1951 304 2007 enim
318 1958 413 2007 cetera
426 1948 504 2025 paria
526 1948 667 2006 Tuberoni
688 1968 753 2005 cum
798 1968 848 2006 aro
871 1949 997 2017 fuissent,
1013 1949 1161 2017 honesto

159 2028 302 2095 nobilitas,
318 2027 461 2104 splendor,
472 2026 623 2105 ingenium,
638 2045 702 2103 quae
717 2028 1035 2105 nequaquemiuerunt;
1057 2028 1111 2085 hoc

160 2116 238 2164 certe
263 2107 443 2184 praecipuum
467 2105 629 2172 Tuberonis,
651 2106 729 2182 quod
750 2107 829 2183 justo
853 2126 918 2163 cum
938 2106 1055 2184 imperio
1075 2126 1111 2165 ex

160 2196 280 2249 senatus
292 2185 422 2243 consulto
435 2185 464 2242 in
477 2184 648 2261 provinciam
662 2202 743 2242 suam
758 2195 880 2243 venerat.
922 2185 995 2243 Hinc
1016 2186 1110 2262 prohi-

160 2265 237 2322 bitus
252 2283 309 2321 non
323 2264 361 2320 ad
376 2264 527 2329 (lsesarcm,
541 2280 576 2319 ne
589 2263 687 2330 iratus,
701 2283 757 2321 non
767 2263 895 2329 domum,
910 2283 945 2320 ne
959 2265 1040 2331 iners,
1056 2283 1111 2322 non

160 2343 327 2420 ineliquam
350 2342 503 2420 regionem,
518 2360 554 2399 nc
574 2341 760 2399 condemnare
782 2361 896 2399 causam
916 2343 1002 2408 illam,
1025 2360 1110 2419 quam
1122 2354 1159 2408 25

161 2431 276 2479 secutus
298 2429 381 2488 esset,
400 2420 558 2478 videretur:
579 2420 608 2476 in
629 2420 824 2477 Macedoniam
847 2421 884 2478 ad
909 2422 961 2478 On.
983 2421 1112 2498 Pompeii

162 2510 256 2557 cestra
269 2500 355 2566 venit,
369 2499 398 2556 in
412 2518 475 2557 eam
489 2499 580 2576 ipsam
594 2516 717 2565 causam,
731 2517 749 2555 a
763 2517 820 2575 que
833 2508 894 2556 erat
910 2500 1031 2576 rejectus
1045 2519 1111 2557 cum

160 2579 269 2655 injuria.
314 2585 360 2636 28.
383 2578 481 2647 Quid?
503 2597 590 2653 quum
610 2578 665 2634 ista
684 2596 729 2634 res
743 2577 811 2635 nihil
832 2578 1028 2636 commovisset
1048 2579 1110 2656 ejus

161 2657 349 2723 animemed
371 2675 456 2734 quem
469 2657 616 2722 veneratis,
641 2656 823 2732 languidiore,
848 2657 942 2723 credo,
967 2657 1062 2715 studio
1082 2658 1110 2714 in

162 2754 249 2793 cause
261 2736 370 2793 fuistis:
391 2735 587 2792 tantummodo
600 2734 629 2792 in
642 2736 779 2811 praesidiis
793 2735 885 2802 eretis,
906 2737 992 2793 animi
1013 2755 1080 2794 vero
1093 2755 1111 2792 a
1121 2747 1160 2800 30

162 2833 249 2871 causa
270 2815 481 2872 abhorrebant:
503 2832 548 2879 an,
563 2821 596 2870 ut
613 2813 645 2870 fit
665 2813 694 2870 in
714 2814 841 2872 civilibus
862 2814 975 2871 bellis*
991 2814 1009 2848 *
1025 2814 1043 2848 *
1058 2833 1110 2872 nec

163 2893 282 2951 invobis
293 2894 385 2972 magis
395 2911 482 2970 quam
492 2892 520 2949 in
537 2892 664 2968 reliquis;
685 2911 782 2950 omnes
793 2892 866 2949 enim
877 2892 1005 2950 vincendi
1016 2893 1111 2951 studio

163 2973 337 3030 tenebamur.
378 2972 461 3029 Pacis
485 2970 616 3046 equidem
638 2989 751 3047 semper
774 2980 873 3028 auctor
894 2971 949 3029 fui:
975 2972 1025 3029 sed
1051 2980 1112 3029 tum

163 3069 243 3117 sero;
263 3057 325 3107 erat
339 3051 413 3108 enim
427 3050 555 3116 amentis,
570 3069 658 3126 quum
672 3051 762 3106 aciem
775 3049 893 3116 videres,
914 3068 1013 3126 pacem
1035 3051 1110 3127 cogi-

163 3135 230 3186 tare.
274 3129 391 3195 Omnes,
411 3128 535 3204 inquam,
550 3129 660 3185 vincere
673 3128 854 3185 volebamus:
876 3138 908 3185 tu
922 3138 998 3186 certe
1012 3129 1110 3206 praeoi·
1123 3142 1160 3195 35

164 3225 227 3282 pue,
243 3207 291 3284 qui
311 3208 340 3264 in
353 3226 419 3264 eum
433 3208 528 3264 locum
543 3206 672 3272 venisses,
687 3206 737 3263 ubi
761 3206 812 3264 tibi
826 3214 900 3265 esset
924 3206 1111 3283 pereundum,

163 3286 214 3341 nisi
227 3287 357 3343 vicisses:
379 3303 561 3363 quamquam,
576 3292 609 3341 ut
628 3304 703 3341 nunc
718 3304 807 3342 seres
821 3285 916 3352 babet,
932 3303 989 3342 non
1002 3285 1111 3352 dubito,

163 3364 230 3440 quin
243 3366 316 3422 hanc
330 3364 454 3422 salutem
468 3370 622 3441 anteponas
635 3363 674 3420 illi
688 3363 821 3421 victoriae.

201 3443 235 3499 X
279 3450 327 3502 29.
349 3444 423 3499 Haec
439 3460 493 3520 ego
507 3461 563 3499 non
583 3440 714 3507 dicerem,
729 3441 849 3509 Tubero,
865 3441 888 3500 si
911 3450 962 3498 aut
981 3461 1032 3499 vos
1046 3460 1111 3499 con·

165 3522 274 3579 stantiae
288 3529 400 3588 vestrae,
416 3528 467 3577 aut
483 3520 626 3577 Caeserem
641 3520 768 3577 beneficii
782 3520 825 3576 sui
839 3521 996 3596 poeniteret.
1029 3521 1112 3577 Nunc
1124 3531 1163 3583 40

166 3617 269 3674 quaero,
283 3609 381 3657 utrum
392 3606 502 3656 vestras
516 3598 639 3674 injurias,
651 3616 688 3654 an
697 3598 738 3654 rei
751 3599 870 3674 publicae
886 3599 1112 3675 persequamini?

166 3676 194 3734 si
214 3679 253 3735 rei
266 3679 408 3757 publicae:
430 3677 498 3752 quid
518 3677 555 3734 de
569 3684 663 3733 vestre
687 3677 715 3732 in
734 3677 782 3734 illa
796 3695 881 3734 cause
906 3678 1114 3755 perseverantia

166 3757 393 3833 respondebitis‘.l
415 3755 438 3811 si
451 3764 568 3820 vestras,
588 3755 690 3819 videte,
712 3774 747 3811 ne
772 3756 878 3820 erretis,
899 3756 947 3831 qui
972 3756 1115 3811 Oaeserem

165 3836 262 3893 vestris
274 3835 395 3894 inimicis
408 3834 512 3891 iratum
525 3834 586 3890 iore
600 3833 714 3910 putetis,
728 3853 817 3910 quum
831 3833 969 3911 ignoverit
982 3833 1048 3889 suis.
