2742 4384
227 262 265 323 ‘12
694 278 802 318 omrro

272 407 406 486 gentiam.
451 407 528 465 Nam
545 407 608 484 quis
622 416 666 465 est
676 407 812 465 ¹omnium
828 415 887 465 tam
908 408 1022 485 ignarus
1036 428 1140 475 rerum,
1162 415 1225 468 tem

272 487 351 543 rudis
374 487 453 544 inre
474 487 595 563 publica,
618 494 676 544 tam
698 487 764 542 nihil
789 506 914 561 unquam
929 507 980 546 neo
995 488 1097 544 desua
1119 508 1170 545 nec
1185 487 1224 546 de

273 566 414 622 communi
427 566 518 622 salute
533 566 668 643 cogitans,
684 566 732 642 qui
752 584 808 622 non
829 566 967 643 intelligat
988 575 1037 623 tua
1051 568 1142 624 salute
1157 586 1222 624 con·

272 644 355 701 tineri
368 663 449 701 suam
463 652 541 701 etex
555 645 637 701 unius
652 654 701 701 tua
712 644 769 701 vita
784 644 907 721 pendere
916 645 1061 702 omnium?
1082 646 1224 721 Equidem

247 723 309 784 5de
333 734 362 779 te
384 723 444 780 dies
468 731 630 799 noctesque,
644 733 678 779 ιιι
698 724 797 789 deboc,
819 723 946 801 cogitans
967 743 1049 782 cesus
1071 723 1225 783 dumtaxat

273 802 411 859 humanos
424 809 455 859 et
468 803 713 859 incertoseventus
727 801 895 859 valetudinis
904 810 933 858 et
946 811 1056 859 naturae
1066 804 1224 863 communis

272 880 453 959 frugilitatem
467 881 628 947 extimesco,
644 880 791 957 doleoque,
806 901 894 957 quum
915 883 1089 958 respublica
1108 883 1223 940 immor·

272 960 335 1017 talis
350 978 412 1017 esse
432 960 544 1027 debeat,
561 978 623 1016 eam
647 959 675 1015 in
698 961 780 1016 unius
801 960 927 1016 mortalis
946 961 1039 1017 anima
1059 962 1222 1021 consistere.

273 1045 318 1096 23.
342 1038 372 1096 Si
380 1058 447 1096 vero
461 1038 498 1095 ad
512 1039 650 1096 humanos
664 1057 747 1095 casus
760 1038 937 1114 incertosque
951 1046 1044 1095 motus
1054 1040 1223 1098 valetudinis

227 1118 383 1179 losceleris
397 1119 483 1175 etiam
496 1116 605 1174 accedit
594 1117 839 1194 insidiarumque
848 1119 1007 1174 consensio·
1029 1137 1114 1195 quem
1124 1118 1221 1188 deum,

271 1197 295 1253 ιι
309 1198 414 1274 cupiat,
429 1215 513 1274 posse
527 1195 659 1273 opitulari
673 1196 712 1252 rei
727 1197 849 1273 publicae
862 1196 1034 1254 credamus?

213 1304 217 1315 ι
311 1276 395 1333 VIII.
418 1275 519 1333 Omnia
539 1282 605 1331 sunt
628 1275 777 1332 excitanda
801 1275 861 1342 tibi,
886 1276 919 1332 Ο.
945 1275 1049 1342 Caesar,
1073 1276 1130 1342 uni,
1154 1294 1223 1354 quae

268 1353 363 1430 jacere
384 1355 479 1421 sentis,
501 1354 597 1412 belii
590 1354 677 1430 ipsius
697 1354 786 1430 impet
788 1373 816 1420 ιι,
837 1354 914 1431 quod
939 1373 1052 1412 necesse
1075 1355 1139 1423 fuit,
1154 1374 1221 1432 pro·

272 1440 361 1488 strata
370 1442 455 1509 atque
466 1432 612 1510 perculsa3
633 1433 831 1490 constituenda
842 1433 956 1509 judicia,
967 1435 1126 1491 revocanda
1139 1435 1221 1503 fides,

225 1512 490 1587 l5ccmprimendae
513 1512 652 1579 libidines,
678 1511 863 1589 propaganda
883 1513 1006 1579 suboles,
1027 1514 1129 1580 omnia,
1154 1531 1222 1589 qum

271 1589 388 1666 delapsa
409 1591 469 1667 jum
493 1590 679 1657 defluxerunt,
706 1591 810 1648 severis
840 1591 951 1668 legibus
977 1591 1123 1650 vincienda
1143 1598 1221 1651 sunt.

271 1674 320 1725 24.
342 1669 408 1726 Nou
421 1669 474 1726 fuit
488 1670 676 1727 recusandum
696 1670 725 1726 in
742 1678 821 1727 tanto
835 1670 907 1728 civili
921 1670 1005 1737 bello,
1019 1678 1100 1728 tanto
1113 1671 1221 1728 auimo·

269 1766 333 1804 rum
353 1748 454 1805 ardore
474 1755 504 1805 et
527 1767 678 1815 armorum,
704 1748 771 1824 quin
795 1757 928 1824 quassata
952 1768 996 1807 res
1018 1749 1138 1826 publicu,
1158 1748 1220 1826 qni-

270 1846 380 1903 cunque
404 1827 470 1885 belii
490 1836 609 1884 eventus
632 1828 741 1894 fuisset,
756 1828 847 1884 multa
861 1828 992 1906 perderet
1006 1836 1035 1885 et
1055 1837 1221 1886 ornamenta

223 1906 414 1984 20dignitutis
437 1914 466 1964 et
490 1906 622 1983 praesidia
641 1907 802 1964 stabilitatis
822 1926 898 1964 suae:
928 1907 1075 1983 multaque
1099 1914 1221 1984 uterque

269 1985 328 2043 dux
341 1986 448 2044 feceret
461 1992 595 2051 armatus,
616 2005 681 2063 quae
702 1985 777 2043 idem
801 1994 916 2064 togatus
940 1986 999 2043 fieri
1019 1987 1219 2063 prohibuisset.

177 2094 180 2099 ,
271 2064 343 2133 Quae
356 2065 471 2142 quidem
492 2064 544 2121 tibi
563 2083 637 2122 nunc
652 2065 745 2122 omnia
769 2065 835 2122 belli
856 2066 971 2122 vulnera
993 2066 1118 2122 sananda
1142 2074 1218 2134 sunt,

270 2144 373 2220 quibus
393 2152 500 2221 praeter
522 2151 552 2200 te
575 2162 657 2200 nemo
672 2143 779 2201 mederi
802 2152 905 2221 potest.
930 2142 994 2202 525.
1017 2144 1119 2221 Inique
1141 2144 1219 2202 illam

270 2230 349 2280 tuam
364 2223 605 2300 praeclnrissimum
619 2231 649 2279 et
662 2223 895 2299 sapientissimam
910 2243 1008 2281 vocem
1021 2224 1125 2281 invitus
1138 2223 1218 2281 audi·

222 2304 314 2364 25vi:
337 2304 438 2360 “Satis
452 2303 502 2359 din
515 2302 561 2360 vel
584 2309 694 2359 naturae
716 2302 772 2359 vixi
790 2302 836 2359 vel
859 2301 988 2381 gloriae.''
1029 2302 1114 2369 Satis,
1135 2303 1159 2360 si
1178 2303 1220 2360 ita
1265 2332 1273 2347 ·

270 2382 320 2448 vis,
334 2382 516 2440 sortasset
467 2389 516 2438 nat
517 2400 585 2448 urae,
600 2381 677 2438 addo
691 2388 721 2438 et
709 2381 785 2448 t,iam
800 2382 823 2438 si
837 2383 940 2459 placet,
956 2382 1074 2459 gloriae:
1096 2389 1126 2438 at
1139 2381 1218 2459 quod

269 2460 422 2517 maximum
443 2469 495 2528 est,
511 2468 561 2538 pat
562 2461 611 2518 riae
634 2468 711 2517 certe
733 2479 842 2537 parum.
884 2461 979 2529 Quare
1003 2460 1072 2518 omit
1061 2468 1101 2517 tte
1125 2460 1217 2528 istum,

270 2556 378 2627 quaeso
393 2539 540 2596 doctorum
555 2539 721 2597 hominum
715 2558 743 2595 ιιι
764 2549 829 2596 cont
818 2540 968 2597 temnenda
981 2547 1073 2597 morte
1091 2540 1218 2631 pruden-

269 2616 354 2673 tiam:
376 2617 432 2673 noli
445 2626 542 2675 nostro
557 2617 681 2695 periculo
704 2637 766 2675 esse
787 2619 907 2695 sapiens.
948 2618 1034 2695 Saepe
1055 2620 1128 2675 enim
1142 2618 1218 2676 venit

223 2695 307 2757 30ad
331 2715 413 2753 aures
433 2716 520 2763 meas,
541 2704 571 2753 te
590 2697 694 2755 idem
686 2704 723 2754 ιιι
711 2697 810 2754 tud
783 2699 865 2754 nimis
886 2699 984 2756 crebro
1004 2698 1106 2755 dicere
1118 2698 1169 2755 tibi
1188 2706 1218 2756 te

207 2819 214 2829 .
269 2774 337 2832 satis
348 2775 456 2832 vixisse.
479 2775 587 2832 Credo:
609 2776 660 2833 sed
675 2784 736 2832 tum
750 2775 780 2834 id
794 2777 968 2844 audirem,
946 2797 970 2834 si
983 2777 1033 2835 tibi
1048 2777 1135 2833 soli'
1110 2796 1219 2835 viveres

269 2861 319 2910 aut
332 2854 355 2911 si
368 2854 419 2912 tibi
433 2854 518 2910 etiam
533 2855 585 2911 soli
604 2862 688 2911 natus
702 2874 787 2922 esses,
804 2875 886 2922 nunc,
901 2875 989 2932 quum
1003 2856 1128 2913 omnium
1142 2856 1217 2914 sulu-

269 2939 328 2990 tem
343 2933 445 2990 civium
460 2940 647 3009 cunctumque
667 2952 729 2990 rem
748 2935 890 3010 publicam
904 2954 949 2992 res
962 2943 1021 2992 tuae
1037 2943 1126 3011 gestae
1140 2953 1216 2992 com·

270 3012 361 3088 plexae
377 3012 441 3080 sint,
457 3019 519 3069 tant
520 3031 569 3068 um
582 3014 650 3070 abes
671 3031 689 3069 a
703 3013 875 3102 perfectione
889 3015 1075 3071 maximorum
1090 3032 1216 3089 operum,

222 3098 302 3153 35ut
328 3092 513 3149 fundamenta
540 3091 673 3158 nondum,
702 3109 767 3167 quae
794 3092 911 3182 cogitas,
937 3093 1086 3170 jeceris..
1081 3091 1157 3148 Hic
1185 3101 1219 3149 tu

269 3170 450 3228 modumt
410 3171 450 3227 vit
452 3190 476 3228 ae
501 3177 571 3236 tuae,
595 3189 652 3227 non
673 3169 765 3228 salute
787 3170 827 3227 rei
848 3171 980 3249 publicae,
1005 3170 1056 3227 sed
1081 3170 1218 3245 aequitate

269 3249 353 3305 animi
377 3249 513 3307 definies?
563 3248 659 3317 Quid?
689 3249 713 3305 si
738 3249 776 3307 ist
764 3250 815 3307 tud
839 3268 875 3306 ne
898 3250 996 3328 gloriae
1019 3258 1079 3306 ιιι,
1104 3249 1219 3326 quidem

270 3328 338 3385 sutis
352 3334 412 3385 est
383 3329 416 3384 ι9
438 3328 519 3404 cujus
543 3334 572 3385 te
593 3346 655 3385 esse
673 3327 873 3396 avidissimum,
888 3329 1014 3418 quamvis
1039 3328 1076 3385 sis
1096 3327 1218 3403 sapiens

269 3425 326 3463 non
336 3406 461 3484 negabis
494 3412 540 3464 26.
561 3406 723 3463 Parumne
717 3406 810 3484 igitur,
825 3407 942 3497 inquies,
953 3406 1070 3485 gloriam
1084 3423 1219 3496 magnum

222 3485 480 3561 iorelinquemus‘>
522 3485 615 3541 Immo
629 3503 696 3541 vero
718 3486 777 3542 aliis
801 3486 929 3576 quamvis
952 3486 1048 3542 multis
1069 3484 1146 3551 setis,
1168 3483 1220 3541 tibi

269 3563 318 3619 uni
336 3582 444 3640 purum.
491 3563 635 3639 Quidquid
658 3569 702 3619 est
716 3564 790 3620 enim
811 3564 939 3640 quemvis
960 3564 1088 3640 amplum
1108 3562 1153 3628 ιιι,
1174 3568 1221 3620 est

270 3649 345 3698 certe
370 3660 471 3718 purum
495 3648 571 3706 tunc,
596 3660 684 3716 quum
709 3649 752 3698 est
776 3643 880 3719 aliquid
904 3642 1034 3732 amplius
1086 3641 1171 3709 Quod
1196 3640 1222 3698 si

268 3739 364 3778 rerum
383 3727 497 3776 tuarum
517 3720 724 3786 immortalium,
743 3721 775 3778 O.
792 3721 899 3788 Oaesar,
924 3722 969 3778 hic
992 3720 1084 3778 exitus
1105 3720 1222 3777 iuturus

268 3797 331 3869 ιιιιι,
345 3805 379 3857 ut
398 3797 515 3858 devictis
534 3798 776 3869 adversariisrem
788 3800 931 3879 publicum
950 3799 979 3858 in
992 3817 1027 3858 ec
1047 3804 1125 3857 statu
1137 3798 1222 3857 relin-
