2742 4384
221 263 256 325 ιι
470 274 574 315 onsrro
587 274 645 315 rao
659 273 689 314 n.
704 271 867 323 amorim,
882 271 948 317 oar,
962 273 1002 313 ιι.

264 405 380 484 publica
401 410 445 462 est
465 405 520 461 hoc
543 403 645 463 misero
669 402 803 478 fatalique
827 402 918 460 bello:
940 403 1006 460 vicit
1028 402 1059 469 is,
1084 401 1133 479 qni
1153 421 1209 461 non

266 485 380 542 fortuna
393 483 581 540 inflammaret
594 481 690 538 odium
704 500 795 547 suum,
810 481 861 537 sed
881 482 1007 539 bonitate
1020 482 1136 539 leniret:
1158 501 1209 539 nec

267 562 316 640 qui
338 580 442 627 omnes
465 561 566 637 quibus
590 560 677 616 iratus
699 568 781 625 esset,
796 559 911 616 eosdem
934 561 1018 617 etiarn
1042 562 1137 618 exsilio
1160 568 1211 617 aut

268 647 358 697 morte
381 639 482 716 dignos
504 639 653 715 judicaret.
702 638 793 694 Arma
816 638 852 693 ab
874 639 934 695 aliis
962 639 1062 714 posita,
1086 640 1123 696 ab
1151 639 1211 695 aliis

242 726 367 796 terepta
388 725 461 775 sunt.
503 718 636 794 Ingratus
658 722 702 773 est
721 716 898 792 injustusque
912 717 987 784 civis,
1004 717 1051 794 qui
1069 736 1212 774 armorum

269 797 394 874 periculo
406 796 549 862 liberatus,
560 795 684 853 animum
697 801 792 852 tamen
806 796 908 852 retinet
920 802 1067 862 armatum,
1081 803 1114 853 ιιι
1128 797 1214 854 etiam
1311 833 1319 851 .

269 876 315 933 ille
329 875 426 933 melior
439 875 483 941 sit,
497 874 545 951 qui
559 874 587 930 in
601 873 660 930 acie
681 873 789 941 cecidit,
804 873 894 950 quiin
908 893 993 931 causa
1006 875 1128 931 animam
1148 893 1212 951 pro-

269 955 352 1012 fudit.
394 954 466 1022 Quae
485 953 557 1009 enim
581 951 733 1028 pertinacia
754 952 931 1027 quibusdam,
946 953 1046 1010 eadem
1068 953 1127 1009 aliis
1147 972 1213 1010 con·

271 1032 374 1089 stantia
387 1032 475 1090 vidcri
493 1038 596 1108 potest.
639 1037 683 1089 32.
707 1030 765 1094 Sed
783 1031 842 1107 jam
858 1031 947 1088 omnis
968 1032 1059 1088 fracta
1079 1031 1214 1089 dissensio

225 1118 315 1171 10est
345 1112 437 1178 armis,
459 1110 596 1168 exstincta
620 1109 754 1185 acquitate
781 1109 909 1168 victoris:
944 1118 1032 1167 restat
1056 1118 1090 1168 ut
1116 1129 1215 1168 omnes

271 1209 359 1247 unum
373 1190 467 1256 velint,
482 1189 530 1265 qui
543 1188 629 1246 modo
642 1189 748 1245 habent
762 1188 866 1264 aliquid
887 1208 943 1245 non
956 1189 1047 1245 solnm
1060 1188 1214 1265 sapientiae,

272 1269 323 1325 scd
343 1269 428 1325 etiam
447 1267 580 1324 sanitatis.
622 1267 685 1323 Nisi
704 1273 742 1334 te,
769 1266 801 1324 Ο.
827 1268 931 1334 Caesar,
955 1268 1035 1325 salvo
1058 1267 1138 1324 etin
1161 1267 1216 1324 ista
1257 1271 1260 1274 ’

272 1346 418 1412 sententia,
432 1365 489 1422 qua
508 1364 595 1421 quum
615 1352 699 1401 antea
718 1351 780 1402 tum
799 1345 884 1403 hodie
898 1346 945 1403 vel
958 1347 1079 1402 maxime
1092 1364 1160 1402 usus
1174 1364 1215 1413 es,

272 1431 412 1491 manente,
427 1423 496 1481 salvi
515 1442 579 1481 esse
598 1443 654 1480 non
675 1442 833 1499 possumus
875 1424 969 1491 Quare
987 1443 1085 1481 omnes
1108 1431 1146 1490 te,
1167 1424 1217 1500 qui

227 1510 263 1564 15
273 1503 335 1559 haec
346 1503 423 1559 salva
436 1521 498 1559 esse
511 1502 650 1577 volumus,
659 1511 689 1559 ct
703 1502 849 1560 hortamur
862 1511 892 1560 et
900 1504 1087 1569 obsecramus,
1102 1510 1135 1559 ιιι
1147 1502 1216 1560 vitae

274 1589 330 1638 tuae
345 1588 374 1637 et
393 1581 478 1638 saluti
501 1580 638 1647 consulas,
656 1599 808 1657 omnesque
832 1582 891 1648 tibi,
914 1579 959 1658 (ut
979 1601 1031 1658 pro
1051 1581 1111 1638 aliis
1131 1581 1219 1638 etiam

273 1660 382 1736 loquar,
396 1659 473 1736 qnod
495 1659 531 1716 de
545 1677 591 1717 me
611 1659 672 1736 ipse
693 1658 806 1737 sentio),
820 1660 951 1736 quoniam
972 1661 1088 1717 subesse
1111 1659 1219 1736 aliquid

274 1747 367 1814 putea,
382 1738 458 1814 quod
479 1737 635 1794 cavendum
649 1737 693 1804 sit,
707 1756 764 1794 non
776 1739 862 1796 modo
875 1739 1008 1796 excubias
1021 1746 1051 1795 et
1065 1738 1218 1804 custodias,

274 1817 325 1874 scd
339 1817 424 1875 etiam
443 1817 565 1874 laterum
578 1823 738 1874 nostrorum
751 1818 899 1894 oppositus
912 1825 942 1874 et
966 1836 1117 1894 corporum
1136 1815 1218 1894 polli-

227 1905 377 1957 20ccmur.

313 1975 364 2033 XI.
415 1981 461 2032 33.
490 1973 548 2032 Sed
568 1980 601 2033 ut
621 1974 697 2031 unde
718 1979 762 2032 est
786 1992 856 2042 orsa,
881 1973 910 2030 in
931 1973 1032 2031 eodem
1053 1972 1220 2032 terminetur

274 2054 380 2111 oratio:
410 2052 545 2109 maximas
572 2053 623 2109 tibi
650 2071 748 2110 omnes
775 2053 881 2130 gratias
907 2053 1027 2130 agimus
1053 2053 1085 2110 Ο.
1112 2052 1219 2118 caesar,

273 2130 395 2209 majores
409 2132 492 2189 etiam
506 2132 651 2188 habemus.
693 2131 768 2188 Nam
784 2120 977 2189 omnes'idem
992 2132 1125 2197 sentiunt,
1139 2130 1220 2207 quod

274 2229 310 2269 cx
323 2211 447 2268 omnium
467 2210 599 2287 precibus
613 2217 642 2266 et
662 2210 783 2268 lacrimis
804 2210 906 2268 sentire
926 2210 1060 2287 potuisti:
1082 2210 1132 2267 sed
1152 2209 1221 2284 quia

228 2298 265 2351 25
274 2309 330 2347 non
343 2297 388 2347 est
407 2289 536 2347 omnibus
556 2289 695 2347 stantibus
715 2308 830 2346 necesse
850 2289 983 2356 diceres
1002 2308 1047 2346 me
1068 2296 1144 2345 certe
1162 2287 1221 2344 dici

274 2369 381 2434 volunt,
397 2369 442 2426 cui
455 2386 569 2424 necesse
583 2374 627 2424 est
640 2368 858 2443 quodammodo,
871 2374 903 2437 vet
916 2367 993 2444 quod
1007 2367 1067 2424 fieri
1081 2367 1163 2423 decet
1177 2365 1219 2423 M.

274 2446 408 2504 Marcello
421 2453 480 2504 ate
494 2446 559 2503 huic
574 2446 662 2503 ordini
676 2447 839 2523 populoque
853 2447 981 2503 Romano
994 2453 1024 2513 et
1042 2446 1082 2503 rei
1096 2444 1221 2521 publicae

275 2525 394 2592 reddito,
409 2525 468 2582 fieri
486 2525 517 2581 id
531 2525 664 2609 intr-aliga.
706 2525 782 2582 Nam
795 2525 885 2581 laetari
904 2543 1002 2581 omnes
1016 2543 1071 2581 non
1086 2524 1123 2581 de
1135 2522 1221 2580 unius

275 2602 376 2669 solum,
401 2603 451 2660 sed
473 2604 510 2660 de
532 2602 672 2661 communi
692 2603 783 2661 salute
806 2603 904 2662 sentio.
946 2608 991 2660 34.
1014 2602 1098 2671 Quod
1121 2609 1221 2658 autem

229 2690 394 2744 30summae
415 2681 616 2740 benevolentiae
640 2688 692 2748 cst,
716 2702 781 2758 quae
806 2701 869 2739 mea
892 2699 961 2759 erga
987 2682 1067 2738 illum
1088 2680 1220 2737 omnibus

276 2778 387 2836 semper
400 2767 467 2816 nota
480 2760 542 2827 fuit,
557 2761 650 2818 utrix
664 2762 697 2818 Ο.
708 2760 851 2828 Marcello,
863 2761 972 2837 optimo
986 2767 1015 2816 et
1028 2758 1220 2816 amantissimo

276 2837 363 2905 fratri,
378 2844 484 2916 praeter
497 2857 561 2895 eum
577 2839 692 2915 quidem
706 2839 835 2897 cederem
849 2838 960 2905 nemini,
972 2858 1060 2916 quum
1075 2838 1104 2895 id
1118 2834 1219 2893 sollici-

275 2917 381 2987 tudine,
403 2935 478 2984 cura,
498 2917 593 2974 labora
615 2919 725 2975 tamdiu
749 2917 934 2994 praestiterim,
959 2917 1094 2993 quamdiu
1114 2922 1158 2972 cst
1181 2913 1222 2971 de

276 2995 349 3053 illius
373 2995 464 3053 salute
484 2995 652 3064 dubitatum,
675 3003 751 3055 certe
774 2997 828 3053 hoc
852 3004 989 3072 tempore,
1003 2994 1113 3072 magnis
1135 2991 1220 3058 curis,

229 3074 418 3143 35molestiis,
434 3074 577 3131 doloribus
598 3075 741 3142 liberatus,
761 3082 896 3152 praestare
914 3075 1013 3132 debeo.
1055 3075 1164 3148 ltaque,
1184 3070 1220 3128 Ο.

277 3152 383 3220 Oaesar,
399 3153 438 3212 sic
448 3153 502 3210 tibi
522 3152 627 3230 gratias
640 3173 704 3231 ago,
719 3162 753 3210 ut
773 3153 902 3210 omnibus
916 3171 962 3210 me
982 3152 1068 3210 rebus
1081 3169 1099 3208 a
1119 3157 1149 3207 te
1162 3167 1222 3206 non

276 3239 440 3290 conservato
461 3233 561 3298 solum,
577 3232 627 3289 sed
650 3233 735 3289 ctiam
759 3239 866 3298 ornato,
881 3239 976 3288 tamen
996 3232 1034 3288 ad
1056 3237 1105 3287 tua
1124 3228 1153 3285 in
1172 3245 1222 3284 me

275 3328 363 3367 unum
376 3310 586 3368 innumerabilia
599 3311 707 3377 merita,
722 3309 800 3386 quod
820 3310 879 3367 ficri
900 3311 960 3387 jam
980 3328 1063 3386 posse
1076 3326 1133 3364 non
1146 3305 1222 3364 arbi-

275 3388 380 3457 trabar,
393 3389 532 3454 mannus
545 3389 599 3451 hcc
613 3396 664 3452 tuo
676 3390 753 3450 facto
767 3390 896 3448 cumulus
909 3387 1066 3447 accesserit.
