2742 4384
398 302 459 344 rao
472 301 697 353 mormanus,
712 301 779 344 oar.
794 301 873 342 mv.
1121 284 1161 344 tt

158 451 222 510 qua
236 432 364 510 locuples
378 432 439 490 sit?
459 451 580 509 ecquam
592 451 654 491 esse
668 432 849 509 locupletem,
859 452 924 509 quaa
939 430 998 489 istis
1010 438 1112 509 pacata

159 531 221 569 esse
235 512 388 569 videatur?
431 511 490 568 Ora
503 511 651 578 maritima,
666 512 799 580 Quirites,
815 512 866 569 Cu.
876 511 1044 588 Pompeium
1056 528 1112 567 uon

158 592 251 648 solum
266 599 384 668 propter
398 590 439 647 rei
452 590 578 647 militaris
591 590 720 681 gloriam,
731 590 783 647 sed
797 590 881 647 etiam
896 602 1013 668 propter
1026 588 1111 646 animi

159 670 359 727 continentiam
373 669 526 744 requisivit.
548 678 555 689 “
568 668 694 727 Videbat
708 669 781 726 enim
794 678 930 745 praetores
945 667 1111 745 locupletari

159 748 308 824 quotannis
325 747 445 824 pecunia
458 746 704 824 publica,‡praeter
718 766 823 824 paucos
836 767 842 813 ;
863 766 953 824 neque
967 766 1015 804 eos
1029 745 1138 823 quid-5

159 846 246 903 quam
274 826 351 883 aliud
373 844 487 901 assequi
510 825 639 883 classium
663 827 783 892 nomine,
806 826 857 883 nisi
880 837 911 884 ut
935 824 1110 882 detrimentis

159 905 330 982 accipiendis
344 904 451 981 majore
465 904 538 961 affici
552 904 726 981 turpitudine
741 904 905 963 videremur.
948 905 974 961 N
978 908 1110 980 unc'qua

160 983 318 1061 cupiditate
340 983 467 1041 homines
489 983 518 1040 in
541 984 706 1058 provincias,
722 983 833 1060 ‘quibus
855 984 983 1060 jacturis,
1007 983 1110 1059 quibus
1134 1026 1137 1031 -

160 1062 370 1120 conditionibus
392 1062 611 1138 proficiscantur,
636 1062 766 1139 ignorant
786 1061 916 1121 videlicet
929 1062 982 1126 isti,
1003 1061 1051 1138 qui
1071 1060 1109 1118 ad

160 1161 250 1198 unum
265 1139 419 1198 deserenda
428 1140 520 1197 omnia
534 1158 595 1198 esse
609 1160 663 1198 nou
674 1142 862 1199 arbitrantur:
884 1140 1042 1218 quasivero
1057 1140 1108 1197 Cu
1122 1148 1159 1201 10
1190 1186 1194 1197 ,

161 1221 330 1296 Pompeium
339 1210 496 1295 non¹quum
510 1218 567 1276 suis
582 1219 741 1287 virtutibus,
753 1228 814 1278 tum
828 1220 913 1278 etiam
926 1219 1022 1278 alienis
1037 1218 1110 1275 vitiis

160 1318 299 1376 magnum
313 1317 374 1355 ease
389 1298 542 1356 videamus.
1001 1318 1007 1329 ·

83 1380 146 1431 :w
203 1367 368 1445 caueam
382 1376 467 1434 nolite
481 1376 619 1443 dubitare,
641 1376 709 1453 quin
729 1378 795 1435 huic
808 1377 856 1435 uni
870 1376 993 1434 credatis
1006 1374 1108 1443 omnia,
1165 1390 1169 1405 ’

162 1446 474 1533 quirittr³”tBt-'i1inbs
488 1474 560 1513 unus
582 1457 712 1512 inventus
725 1456 769 1523 sit,
784 1475 869 1533 quem
883 1456 949 1513 socii
973 1456 1000 1512 in
1025 1456 1109 1512 urbes

162 1554 230 1592 suas
240 1554 305 1592 oum
315 1535 440 1591 exercitu
450 1535 557 1591 venisse
567 1532 734 1613 gaudeant]
747 1532 757 1557 “’
766 1535 849 1605 Quod
861 1535 883 1592 si
894 1534 1109 1592 auctoritatibus
1122 1538 1157 1592 15

163 1614 235 1670 hanc
264 1631 388 1679 causam,
415 1613 544 1681 Quirites,
570 1614 788 1671 confirmandam
818 1613 931 1691 putatis,
959 1622 1002 1671 est
1030 1612 1109 1670 vobis

47 1696 139 1759 ,aava
163 1684 262 1749 airctor
275 1692 317 1748 vir
336 1692 475 1749 bellorum
488 1691 612 1749 omnium
633 1692 872 1769 maximarumque
888 1711 979 1749 rerum
1002 1691 1108 1769 peritis·

162 1771 250 1827 simus
273 1771 306 1828 P.
328 1770 471 1836 Servilius,
493 1770 575 1848 cujus
597 1778 684 1827 tauta
705 1789 749 1827 res
772 1782 862 1850 gestae
885 1780 961 1828 terra
985 1771 1109 1847 marique

163 1850 339 1915 exstiterunt,
354 1856 396 1917 ut,
432 1848 549 1906 uumtde
568 1849 642 1907 bello
656 1849 939 1916 deliberetissauctor
953 1850 1031 1905 vobis
1045 1866 1108 1925 gra·

163 1928 223 1986 vior
237 1948 321 1986 nemo
340 1926 402 1985 esse
438 1929 536 1994 ebeat;
558 1936 601 1985 est
623 1928 655 1985 O.
671 1928 757 1985 Curio
765 1929 893 1986 ‘summis
906 1927 1005 1984 vestris
1026 1927 1109 1983 bene·
1121 1932 1159 1986 20

163 2007 230 2064 ficiis
244 2006 430 2083 maximisque
444 2007 529 2064 rebus
549 2007 645 2085 gestis,
660 2026 773 2065 summo
786 2008 897 2086 ingenio
911 2015 940 2063 et
961 2004 1110 2083 prudentia

63 2076 139 2141 ...⁸1⁶1
164 2086 318 2163 praeditum
338 2093 383 2142 est
405 2086 456 2142 On.
472 2085 658 2151 Lentulus,¹in
679 2104 736 2162 quo
750 2106 846 2144 omnes
867 2105 919 2163 pro
932 2083 1110 2161 amplissimis

162 2165 262 2221 vestris
284 2164 436 2221 honoribus
457 2183 600 2221 summum
616 2165 772 2232 consilium,
787 2184 925 2222 summam
942 2163 1110 2242 gravitatem

163 2262 224 2300 esse
248 2242 438 2321 cognovistis;
468 2251 512 2300 est
537 2243 568 2299 Ο.
589 2243 712 2309 Cassius,
736 2244 895 2321 integritate
917 2243 1019 2300 virtute
1044 2261 1109 2299 con·

163 2322 266 2379 stantia
289 2320 431 2399 singulari.
453 2312 568 2389 *Quare
589 2322 691 2388 udete,
715 2332 748 2378 ut
773 2323 872 2379 horum
897 2321 1158 2383 auctoriraubusan

164 2401 276 2458 illorum
288 2400 414 2467 orationi,
429 2400 477 2477 qui
491 2400 666 2466 dissentiunt,
677 2401 847 2477 respondere
863 2420 945 2478 posse
957 2400 1108 2457 videamur.

201 2479 310 2536 XXIV.
362 2486 410 2538 69.
441 2479 512 2547 Quae
541 2499 628 2555 quum
651 2479 692 2536 ita
719 2480 782 2545 sint,
804 2480 835 2537 0.
862 2480 965 2545 Manili,
988 2479 1110 2556 primum

139 2557 246 2615 listem
271 2566 351 2615 tuam
375 2569 405 2615 et
432 2559 523 2636 legem
548 2570 576 2615 et
591 2558 765 2615 voluntatem
789 2567 818 2616 et
838 2559 1003 2617 seutentiam
1024 2558 1110 2615 laudo

164 2637 464 2713 vehementissimeque
478 2637 648 2713 comprobo:
670 2637 771 2695 deinde
786 2648 813 2695 te
828 2639 933 2704 hortor,
949 2649 980 2694 ut
986 2642 1110 2694 auctore

165 2716 272 2791 populo
297 2716 426 2772 Romano
451 2734 564 2772 maneas
587 2716 615 2772 in
629 2716 768 2773 sententia
781 2736 850 2773 neve
874 2718 1039 2794 cujusquam
1055 2715 1109 2772 vim
1121 2720 1160 2772 30

42 2788 136 2855 {aas
165 2803 213 2850 aut
240 2796 329 2867 minas
354 2794 546 2872 pertimescas.
596 2795 722 2851 Primum
745 2795 773 2851 in
801 2805 828 2852 te
851 2797 919 2852 satis
943 2815 1004 2852 esse
1026 2792 1110 2850 animi

165 2873 435 2950 perseverantiaque
449 2873 586 2940 arbitr0r;
607 2873 710 2931 deinde
725 2893 812 2950 quum
828 2882 934 2932 tantam
955 2872 1110 2930 multitudi-

165 2970 227 3008 nem
253 2972 317 3008 cum
345 2962 426 3008 tanto
451 2952 544 3009 studio
571 2951 671 3008 adesse
696 2953 850 3020 videamus,
875 2964 1010 3030 quantam
1037 2970 1111 3009 nuno

164 3024 318 3087 iterum‘in
341 3031 443 3088 eodem
467 3030 577 3088 homine
601 3030 781 3107 praeficiendo
806 3032 941 3097 videmus,
954 3031 1033 3106 *quid
1057 3038 1109 3096 est,

106 3108 240 3184 ,filaquod
264 3104 376 3166 aut⁴de
399 3128 430 3166 re
454 3116 505 3165 aut
525 3108 561 3166 de
585 3110 746 3185 perficiendi
767 3111 902 3168 facultate
927 3109 1159 3169 dubitemus‘l86

165 3187 227 3265 Ego
240 3197 345 3254 autem,
357 3187 495 3264 quidquid
511 3196 554 3244 est
567 3188 595 3244 in
607 3184 868 3263 me'studiiponsilii,
885 3187 1110 3273 laborisqingenii,

166 3266 378 3342 quidquidhoc
399 3266 535 3323 beneficio
557 3267 655 3343 populi
670 3267 789 3324 Romani
803 3278 888 3343 atque
902 3268 955 3324 huo
971 3273 1111 3344 potestate

166 3345 306 3420 praetoria,
331 3345 471 3422 quidquid
494 3346 660 3402 auctoritate
675 3344 730 3402 fide
756 3346 912 3403 constantia
937 3366 1061 3423 possum,
1082 3345 1111 3402 id

165 3443 245 3481 omne
267 3425 305 3482 ad
330 3425 404 3481 hanc
431 3443 491 3480 rcm
511 3424 712 3481 conficiendam
732 3424 782 3481 tibi
807 3434 836 3481 et
856 3426 962 3502 populo
983 3426 1111 3482 Romano

164 3502 297 3581 polliceor
324 3522 358 3560 ac
387 3501 498 3559 defero:
532 3503 577 3560 70.
606 3510 751 3578 testorque
779 3522 875 3560 omnes
902 3505 979 3570 deos,
1007 3510 1037 3560 ot
1064 3506 1161 3559 coslo

164 3582 356 3658 maxime,‘qui
381 3581 448 3637 huic
470 3581 532 3638 loco
555 3581 719 3656 temploque
743 3582 904 3657 praesident,
920 3583 967 3658 qui
988 3581 1110 3639 omnium

164 3668 271 3717 mentes
285 3664 404 3726 eorum?
412 3659 460 3734 qui
480 3659 516 3716 ad
539 3678 599 3716 rem
621 3660 762 3735 publicam
780 3660 893 3726 adeunt,
909 3661 1028 3717 maxime
1049 3678 1110 3735 per·

164 3738 291 3815 spiciunt,
307 3759 355 3796 me
370 3739 426 3794 hoc
441 3757 532 3814 neque
547 3746 648 3815 rogatu
662 3738 755 3795 facere
770 3739 936 3816 cujusquam
951 3757 1041 3814 neque
1055 3755 1112 3813 quo

165 3816 215 3876 On.
228 3816 364 3897 Pompeii
372 3816 495 3895 gratiam
505 3816 572 3873 mihi
585 3834 638 3891 per
642 3817 724 3927 *1111111
735 3836 849 3874 causam
860 3817 999 3875 conciliari
1012 3823 1112 3892 putem
