2742 4384
174 315 231 373 132
639 329 748 370 enarro
797 388 799 391 Υ

225 477 278 517 suo
298 458 363 536 jure
383 465 458 516 esset
481 457 549 516 ulta.
591 457 722 525 Senatus,
743 458 838 525 credo,
860 465 1012 534 praetorcm
1032 474 1098 514 eum
1119 456 1171 519 cir·

225 537 456 613 cumscripsisset.
498 538 543 595 Ne
568 557 660 613 quum
682 537 794 594 solebat
816 537 931 613 quidem
959 536 988 593 id
1015 535 1117 602 facere,
1143 536 1171 592 in

224 615 335 693 privato
349 616 450 673 eodem
464 617 518 673 hoc
532 615 637 692 aliquid
652 616 818 692 profecerat.
863 622 907 673 89.
930 615 978 670 An
1000 615 1128 671 consules
1142 615 1171 671 in

224 701 348 772 praetore
362 695 518 752 coercendo
530 695 618 752 fortes
628 694 769 751 luissent?
801 693 937 759 Primum,
948 693 1053 750 Milone
1068 693 1169 759 occis0,
1254 684 1265 705 '

192 780 210 831 5
223 772 370 830 habuisset
389 791 455 829 suos
470 774 616 840 consules;
637 773 740 830 deinde
753 773 816 849 quis
837 773 865 828 in
879 791 912 829 eo
933 779 1057 848 praetore
1071 772 1170 829 consul

223 851 302 908 fortis
316 860 399 918 esset,
415 869 466 928 per
488 870 573 933 quem
596 851 742 909 tribunum
756 852 889 908 virtutem
910 852 1086 908 consularem
1106 870 1169 907 cru·

223 929 363 989 delissime
377 936 509 986 vexatam
529 948 590 986 esse
610 931 805 987 meminisset?
847 929 1043 1006 Oppressissct
1066 929 1169 995 omnia,

223 1009 389 1085 possideret,
404 1015 529 1075 teneret;
549 1008 614 1084 lege
628 1027 710 1075 nora,
725 1028 791 1084 quae
812 1016 856 1065 est
877 1008 990 1065 inventa
1003 1008 1082 1084 apud
1103 1026 1169 1064 eum

223 1105 288 1143 cum
303 1087 415 1163 reliquis
429 1087 540 1164 legibus
555 1086 707 1154 Clodianis,
722 1106 818 1143 servos
832 1095 943 1143 nostros
965 1086 1081 1143 libertos
1102 1105 1169 1143 snos

173 1170 209 1223 10
222 1165 343 1222 fecisset.
373 1166 530 1232 Postremo,
545 1165 597 1222 nisi
610 1184 675 1221 eum
690 1165 730 1222 dii
739 1165 912 1223 immortales
924 1165 953 1221 in
967 1184 1030 1222 eam
1045 1171 1170 1221 mentem

222 1243 407 1321 impulissent,
422 1251 455 1301 ut
474 1245 561 1321 horno
581 1243 758 1300 effeminatus
778 1244 961 1300 fortissimum
975 1245 1066 1300 virum
1085 1262 1168 1300 cona-

223 1330 300 1379 retur
313 1322 449 1388 occidere,
464 1322 549 1378 hodie
562 1341 622 1379 rem
643 1321 787 1399 publicam
800 1322 908 1379 nullam
928 1322 1070 1379 haberetis
1121 1328 1167 1379 90.

222 1401 271 1456 An
285 1401 331 1459 ille
346 1408 458 1476 praetor,
473 1401 520 1458 ille
533 1418 600 1457 vero
614 1401 720 1467 consul,
733 1400 756 1456 si
770 1401 856 1457 modo
876 1403 940 1459 haec
955 1402 1062 1477 templa
1081 1406 1167 1476 atque

222 1478 285 1554 ipsa
298 1480 403 1537 moenia
417 1486 492 1536 stare
505 1498 539 1536 eo
553 1479 617 1536 vivo
631 1479 741 1536 tamdiu
754 1486 783 1535 et
797 1479 976 1537 consulatum
992 1480 1054 1556 ejus
1069 1497 1167 1556 exspe-

172 1562 209 1615 15
223 1565 300 1614 ctare
321 1557 487 1634 potuissent,
501 1558 548 1614 ille
569 1558 690 1634 denique
704 1557 782 1614 vivus
797 1558 863 1614 mali
886 1559 954 1615 nihil
977 1558 1098 1622 fecisset,
1120 1556 1169 1633 qui

223 1635 360 1704 mortuus,
372 1655 429 1693 uno
443 1656 478 1694 ex
492 1637 549 1693 suis
563 1637 730 1694 satellitibus
745 1633 823 1714 [Sex.
840 1636 953 1715 Clodio]
965 1638 1046 1702 duce,
1061 1635 1168 1705 curiam

222 1714 400 1773 incenderit?
442 1716 505 1783 Quo
519 1715 587 1791 quid
601 1716 738 1783 miserius
753 1715 822 1791 quid
842 1716 978 1781 acerbius,
994 1715 1061 1791 quid
1075 1714 1166 1772 luctu·

222 1793 297 1851 osius
311 1793 454 1852 vidimus?
495 1795 645 1871 Templum
660 1794 824 1860 sanctitatis
840 1794 1040 1871 amplitudinis,
1055 1792 1166 1859 mentis,

223 1873 328 1930 consilii
338 1873 450 1951 publici,
463 1881 550 1949 caput
563 1873 650 1940 urbis,
665 1892 744 1931 aram
754 1872 902 1939 sociorum,
914 1879 1029 1948 portum
1043 1873 1169 1929 omnium

172 1955 209 2009 20
222 1953 359 2028 gentium,
375 1952 472 2010 sedem
491 1953 528 2009 ab
548 1952 678 2009 universo
693 1952 800 2028 populo
814 1970 976 2008 concessam
997 1951 1045 2007 uni
1069 1951 1167 2018 ordini,

222 2031 396 2099 inflammari,
411 2030 544 2097 exscindi,
558 2031 718 2088 funestari?
739 2048 831 2106 neque
844 2029 873 2086 id
884 2029 944 2086 fieri
957 2048 974 2085 a
988 2029 1168 2087 multitudine

223 2109 360 2185 imperita,
372 2128 544 2186 quamquam
565 2117 641 2167 esset
653 2109 788 2166 miserum
802 2109 831 2165 id
849 2109 951 2184 ipsum,
967 2108 1018 2164 sed
1032 2109 1069 2166 ab
1085 2109 1166 2165 uno?

223 2188 278 2255 Qui
292 2207 380 2264 quum
394 2196 505 2245 tantum
519 2207 606 2246 ausus
625 2188 661 2245 sit
674 2195 755 2247 ustor
768 2207 820 2263 pro
834 2194 955 2253 mortuo,
970 2187 1038 2262 quid
1053 2186 1168 2263 signifer

223 2286 275 2343 pro
289 2267 352 2324 vivo
365 2286 421 2324 non
435 2275 510 2325 esset
529 2267 639 2324 ausus?
681 2267 715 2323 In
730 2266 835 2323 curiam
857 2266 1035 2341 potissimum
1054 2266 1166 2342 abjecit,

172 2348 208 2403 25
222 2353 255 2402 ut
268 2364 331 2403 eam
345 2353 474 2403 mortuus
493 2347 662 2412 incenderet,
677 2364 764 2421 quam
779 2345 859 2402 vivus
872 2351 1020 2402 everterat.
1063 2351 1108 2402 91.
1131 2345 1168 2401 Et

222 2432 296 2491 sunt,
312 2425 410 2501 quide
424 2425 469 2482 via
482 2426 580 2502 Appia
600 2432 761 2502 querantur,
777 2431 890 2480 taceant
905 2422 940 2480 de
955 2423 1055 2480 curia?
1077 2430 1106 2480 et
1119 2423 1169 2499 qui

222 2503 258 2560 ab
282 2522 316 2560 eo
340 2504 464 2581 spirante
484 2504 576 2561 forum
600 2511 702 2580 putent
722 2503 848 2579 potuisse
869 2501 991 2569 defendi,
1006 2502 1088 2579 cujus
1112 2522 1168 2558 non

222 2582 355 2640 restiterit
374 2582 504 2640 cadaveri
524 2581 623 2639 curia?
663 2581 801 2649 Excitate,
816 2581 937 2638 excitate
957 2581 1059 2657 ipsum,
1074 2581 1097 2639 si
1117 2600 1166 2657 po·

221 2659 310 2725 testie,
330 2679 348 2716 a
360 2660 486 2717 mortuis.
528 2660 677 2737 Frangetis
691 2660 830 2736 impetum
844 2659 906 2726 rivi,
922 2660 1004 2737 cnjus
1025 2660 1071 2716 vix
1085 2659 1166 2716 susti·

170 2741 209 2793 30
222 2738 295 2794 netis
309 2738 395 2795 furias
413 2738 568 2814 insepulti?
609 2739 672 2795 Nisi
691 2757 758 2795 vero
778 2738 947 2796 sustinuistis
966 2757 1023 2805 eos,
1039 2738 1167 2815 quicum

221 2816 331 2875 facibus
351 2817 388 2874 ad
409 2817 515 2895 curiam
529 2824 738 2885 concurrerunt,
754 2837 819 2875 cum
837 2818 956 2875 falcibus
973 2818 1010 2874 ad
1032 2817 1165 2883 Castoris,

222 2914 287 2952 cum
311 2895 413 2973 gladiis
436 2903 497 2953 toto
517 2896 579 2952 foro
599 2895 759 2952 volitarrurt.
802 2896 882 2952 Oaedi
900 2896 1008 2953 vidistis
1029 2895 1167 2972 populum

222 2974 390 3042 Romanum,
407 2974 568 3031 concionem
582 2973 684 3051 gladiis
695 2974 855 3041 disturbari,
871 2994 959 3050 quum
973 2974 1118 3031 audiretur
1131 2973 1165 3030 si-

221 3054 307 3111 lentio
328 3053 367 3111 M.
383 3053 500 3119 Coelius,
521 3053 650 3110 tribunus
671 3053 771 3129 plebis,
786 3053 828 3109 vir
846 3060 875 3110 et
894 3052 967 3110 inre
982 3053 1095 3129 publica
1109 3052 1165 3108 for·

171 3131 208 3186 35
222 3132 346 3189 tissimus
360 3133 430 3189 etin
444 3139 576 3207 suscepta
590 3151 676 3189 causa
688 3131 863 3188 firmissimus
873 3138 902 3188 et
916 3131 1054 3188 bonorum
1068 3132 1166 3187 volun-

221 3211 274 3269 tati
294 3218 323 3268 et
346 3211 506 3269 auctoritati
529 3217 644 3268 senatus
669 3210 781 3267 deditus
802 3217 831 3267 et
854 3210 882 3267 in
902 3211 956 3268 hac
978 3209 1089 3266 Milonis
1109 3209 1167 3266 sive

221 3289 325 3347 invidia
338 3290 396 3347 sive
409 3290 523 3347 fortuna
537 3288 672 3366 singulari
686 3289 778 3346 divina
793 3296 822 3346 et
835 3288 989 3346 incredibili
1002 3288 1067 3345 fide.

260 3369 396 3426 XXXIV.
439 3375 485 3426 92.
507 3367 565 3425 Sed
577 3369 637 3445 jam
651 3368 719 3424 satis
733 3367 823 3424 multa
834 3367 870 3424 de
884 3387 986 3434 causa,
1007 3374 1087 3423 extra
1101 3385 1166 3424 cau-

222 3465 283 3504 sam
297 3449 382 3505 etiam
396 3447 477 3505 nimis
491 3446 610 3503 fortasse
623 3447 722 3504 multa.
765 3446 840 3515 Quid
854 3453 950 3512 restat,
965 3445 1017 3502 nisi
1037 3452 1070 3503 ut
1090 3464 1168 3502 orem

170 3525 209 3579 40
222 3527 403 3602 obtesterque
426 3544 485 3592 vos,
508 3524 628 3601 judices,
652 3533 686 3581 ut
709 3542 772 3580 eam
794 3524 1013 3582 miscricordiam
1038 3524 1168 3581 tribuatis

221 3605 373 3663 fortissimo
386 3604 453 3671 virs,
469 3622 556 3680 quam
574 3603 635 3679 ipse
653 3623 711 3660 non
730 3602 870 3680 implorat,
892 3622 956 3680 ego,
978 3603 1063 3661 etiam
1083 3621 1167 3678 repu-

221 3692 328 3762 gnante
348 3684 411 3750 hoc,
426 3689 455 3739 et
474 3681 594 3758 imploro
615 3690 644 3738 et
662 3682 809 3758 exposco?
851 3681 955 3747 Nolite,
973 3681 997 3738 si
1019 3681 1048 3737 in
1071 3688 1170 3737 nostro

221 3764 347 3823 omnium
367 3763 437 3818 fletu
450 3760 557 3819 nullam
581 3760 725 3817 lacrimam
746 3760 914 3837 adspexistis
935 3760 1054 3825 Milonis
1070 3759 1094 3816 si
1107 3759 1168 3817 vul-

220 3847 284 3901 tum
307 3859 420 3919 semper
443 3840 574 3908 eundem,
595 3839 619 3897 si
638 3838 785 3908 vocem,si
808 3839 962 3896 orationem
983 3837 1114 3897 stabilem
1134 3856 1169 3896 ac
