2742 4384
399 288 516 356 nouere
531 313 659 356 essuos
674 314 803 356 sannen
817 314 962 356 semmua.

1129 404 1176 448 Pte·

175 446 199 502 1,
210 446 258 503 45,
269 447 316 494 in.:
334 443 387 492 Sed
398 444 460 508 quid
476 444 632 508 singulorum
647 447 773 509 opiniones
785 443 1000 493 animadvertam?
1033 443 1090 492 Fin
1101 447 1126 502 5,
1131 460 1175 531 44

172 523 214 581 22,
228 524 274 572 63:
290 522 353 587 quid
364 523 450 586 squar
462 522 493 571 de
504 521 573 571 nobis
582 522 738 587 i-Madwig‚
751 524 808 570 with
820 524 908 579 others,
919 523 989 570 reads
1001 521 1054 569 Sed
1065 522 1126 585 quid

173 616 220 665 ego
231 601 300 650 boses
317 602 426 650 homines
437 599 581 664 ordinesque
593 603 767 648 commemoro?
801 599 883 657 Klotz,
898 601 957 649 with
970 599 1052 657 Orelli,
1063 616 1090 648 ss
1100 601 1126 649 iu

172 680 215 727 the
227 685 286 728 text.

207 757 241 802 8.
258 757 385 814 nujnsee
401 756 518 802 ordinis.
552 755 608 804 The
620 754 740 804 libertini.
773 754 937 819 ltisetrange
948 753 1126 804 thatMatthire

171 834 256 882 should
267 835 332 896 deuy
343 835 385 882 the
396 834 527 895 possibility
538 835 565 882 ο1
572 835 636 882 their
646 834 738 897 having
746 834 853 897 priuatis
859 832 979 894 fortune.

207 910 564 964 11.Qu1mcuo....stt.
599 911 694 960 Z.559.
967 972 982 983 N

177 1013 187 1025 ·
207 989 262 1034 13.
281 988 427 1041 unanime
438 1021 445 1034 .
456 1022 463 1034 .
475 1022 480 1034 .
492 1021 499 1034 .
509 988 672 1035 voluntatis·
708 987 746 1036 M.
756 995 840 1050 quotes
851 988 893 1036 the
905 989 1027 1052 following
1037 988 1126 1037 similer

171 1066 294 1113 instences
311 1066 339 1113 oi
355 1081 370 1112 a
389 1066 493 1128 genitive
511 1065 647 1127 dependent
664 1081 695 1114 on
716 1073 821 1122 tontum,
833 1066 924 1130 though
937 1067 1050 1114 removed
1069 1074 1094 1114 to
1110 1083 1126 1115 e

171 1142 334 1191 considerable
353 1142 462 1192 distance
482 1144 544 1190 irem
561 1144 586 1190 it.
627 1141 670 1190 Or.
689 1144 714 1201 3,
733 1143 779 1192 23;
803 1143 861 1192 Non
882 1150 979 1192 tantum
998 1146 1125 1207 ingenioso

171 1218 264 1267 bomini
281 1221 351 1276 etei,
364 1222 407 1283 qui
418 1219 514 1281 sorum,
526 1222 569 1283 qui
586 1222 691 1277 suriam,
703 1223 747 1284 qui
763 1237 863 1279 enneae,
875 1223 919 1284 qui
936 1237 1011 1286 remp.
1023 1230 1125 1286 spectet,

170 1312 232 1360 opus
248 1311 301 1345 esse
318 1295 425 1346 arbitror
436 1299 558 1361 temporie.
591 1297 627 1346 Ib.
638 1296 679 1355 24,
691 1300 737 1347 iu:
754 1300 818 1347 sotis
829 1298 901 1346 uideo
919 1298 973 1356 tibi,
984 1299 1077 1348 homini
1088 1299 1122 1346 nd

167 1374 359 1439 perdiscendum
371 1377 497 1431 acerrimo,
509 1375 543 1422 ad
555 1390 584 1423 eo
596 1375 776 1439 cognoscenda,
788 1391 841 1439 quo
854 1376 927 1433 dieis,
939 1376 1023 1439 fuisse
1035 1385 1125 1441 tempo·

170 1454 214 1501 ris.
248 1456 272 1510 1,
288 1454 329 1509 47,
346 1452 411 1501 2073
427 1455 543 1516 quoniam
563 1452 591 1501 id
611 1452 689 1510 nobie,
706 1452 810 1511 Antoni,
831 1453 969 1503 bominibus
987 1454 1014 1502 id
1033 1457 1124 1512 etatis,

170 1533 252 1590 oneris
266 1531 296 1579 ab
314 1531 399 1579 borum
410 1530 603 1579 adolescentium
615 1530 709 1579 studiis
725 1534 866 1595 imponitur.
900 1531 969 1592 Offic.
980 1532 1005 1589 2,
1017 1533 1041 1589 9,
1052 1540 1124 1581 ertu:

171 1616 292 1671 quonium
303 1609 377 1665 nolet,
389 1608 486 1657 babebit
498 1608 532 1656 ad
543 1608 689 1671 sariendam
695 1608 774 1670 fidem
785 1611 883 1657 virium.
916 1610 955 1659 Gi.
967 1609 997 1658 de
1010 1610 1052 1658 Or.
1066 1613 1088 1668 l,
1102 1613 1124 1668 1,

170 1685 352 1749 33proAreb.
365 1689 378 1749 t
392 1687 429 1735 13.
463 1685 499 1734 Μ.
532 1687 588 1735 The
599 1702 712 1735 common
724 1693 776 1735 tert
787 1689 982 1743 isnontontum,
994 1696 1125 1750 quantum,

173 1763 222 1812 doc.
256 1764 328 1812 Klotz
339 1765 408 1813 reads
419 1767 463 1828 qui
474 1779 523 1812 non
535 1772 655 1828 quantum
666 1764 744 1813 audet
755 1771 780 1812 et
791 1771 911 1827 quantum
922 1770 1015 1828 potest,
1027 1771 1125 1813 tanturn

83 1842 95 1855 '
172 1840 355 1902 conferendae.

207 1920 260 1964 15.
279 1920 419 1965 Lenonem
437 1920 572 1976 quendam
590 1918 717 1965 Lentuli·
760 1918 818 1966 Sell.
835 1934 857 1966 c.
874 1917 921 1966 50:
941 1917 1010 1965 Dum
1027 1917 1078 1966 icc
1098 1921 1125 1968 in

171 2003 260 2044 senatu
272 2003 385 2059 aguntur
396 2003 421 2044 et
438 1995 497 2044 dom
509 1996 601 2059 legatis
612 1994 774 2060 Allobrogum
786 2001 817 2044 et
832 1995 889 2044 Tito
905 1995 1044 2054 Vulturcio,
1061 2013 1124 2044 oom-

169 2072 271 2136 proboto
283 2089 365 2122 eorum
378 2073 480 2130 indicio,
497 2076 601 2138 prumia
619 2073 793 2130 decununtur,
805 2072 890 2122 liberti
901 2081 926 2122 et
943 2076 1020 2138 pauci
1037 2091 1067 2122 eu
1080 2075 1125 2124 cli·

172 2148 271 2198 entibus
282 2150 388 2199 Lentuli
400 2151 506 2199 diosmis
522 2149 653 2200 itineribus
663 2151 764 2215 opifices
774 2160 847 2216 atque
859 2155 962 2201 seruitio
979 2155 1006 2201 in
1017 2156 1080 2202 eicis
1091 2153 1125 2202 ad

172 2243 228 2275 eum
245 2227 399 2292 eripiendum
410 2228 575 2277 solicitabunt.
609 2229 649 2277 Gi.
661 2228 708 2277 Dio
719 2229 787 2277 Caes.
798 2230 840 2287 37,
851 2230 892 2288 35,
903 2247 927 2292 p.
939 2231 1001 2291 1343
1018 2232 1124 2293 Appiau,

172 2304 202 2353 13.
216 2305 245 2352 0.
256 2306 280 2363 2,
293 2308 316 2362 5,
328 2322 351 2368 p.
365 2306 418 2354 180.
452 2304 488 2353 Μ.
523 2306 563 2354 He
575 2322 628 2355 uses
640 2307 693 2354 leno
706 2308 742 2355 ior
752 2310 858 2355 nuntius
868 2324 895 2356 or
906 2308 1059 2364 administer,
1071 2310 1125 2356 that

172 2383 204 2430 he
221 2399 279 2446 may
291 2385 346 2448 give
363 2400 379 2432 e
394 2384 508 2433 sideblow
528 2391 552 2432 to
571 2384 613 2432 the
625 2384 753 2445 dissipated
769 2386 849 2433 habits
868 2387 895 2433 oi
911 2386 1035 2434 lentulus
1068 2385 1124 2433 The

172 2460 237 2508 word
248 2476 326 2509 seems
338 2467 362 2509 to
374 2463 437 2510 have
449 2463 509 2509 been
522 2462 580 2509 used
592 2463 624 2523 by
636 2463 697 2509 later
709 2463 800 2509 writers
817 2465 842 2510 iu
853 2464 895 2510 the
907 2465 1005 2526 general
1016 2479 1085 2512 sense
1101 2464 1128 2512 of

172 2538 352 2596 internuntius,
364 2538 414 2587 linc.
448 2538 551 2602 Scythis
569 2538 660 2586 bellum
679 2538 782 2595 indixit,
793 2541 878 2587 muns
894 2543 975 2603 primo
992 2540 1124 2589 lenonibus.

171 2613 232 2663 Just
244 2615 268 2671 2,
280 2616 303 2664 3.
338 2616 366 2664 B.

208 2693 259 2738 16.
278 2694 421 2739 Tabernas
434 2714 462 2736 =
476 2693 622 2755 workshops,
633 2695 723 2758 though
736 2696 845 2757 properly
857 2696 875 2742 it
886 2695 992 2759 signifies
1002 2697 1044 2744 the
1055 2698 1123 2758 place

172 2770 199 2816 oi
213 2771 264 2817 eale
281 2771 307 2817 ci
325 2786 402 2818 wares
414 2772 545 2818 elsewhere
563 2773 641 2819 made.
675 2771 762 2819 Hence
777 2772 828 2835 just
839 2774 915 2821 below
927 2774 968 2821 the
980 2776 1124 2836 psraphruse

172 2847 247 2903 sellu,
260 2847 318 2903 iac,
330 2850 432 2896 whence
444 2850 485 2896 the
497 2849 621 2896 workmen
633 2864 697 2897 were
710 2851 787 2898 called
799 2850 923 2898 sellularii
934 2866 960 2898 cr
970 2852 1113 2900 sedentarii.

207 2927 260 2972 21.
279 2927 417 2981 nemque.
452 2926 500 2973 See
514 2926 540 2972 Z.
553 2925 754 2975 'lii-Otiosum
767 2949 796 2970 =
810 2935 928 2976 remotum
940 2945 956 2977 a
972 2931 1033 2978 bello
1044 2937 1069 2978 et
1086 2938 1124 2978 ta·

171 3003 258 3058 multu,
269 3005 387 3064 quietum,
400 3005 413 3051 i.
425 3019 445 3050 e.
457 3004 576 3065 peaceiul.
609 3004 648 3051 cf.
660 3006 709 3051 line
720 3004 760 3061 24,
773 3007 825 3053 otii.

206 3081 261 3128 22.
279 3081 388 3128 Velini.
424 3081 526 3129 inuenti
544 3089 612 3137 sunt,
629 3084 702 3147 being
718 3084 828 3131 followed
849 3085 881 3147 by
898 3100 963 3148 pres.
975 3083 1048 3147 eubj,
1059 3092 1125 3134 must

172 3158 201 3205 be
213 3158 339 3205 construed
351 3160 384 3219 by
396 3159 437 3206 the
446 3158 511 3223 perf.
523 3158 631 3220 definite.

206 3235 261 3280 23.
280 3235 345 3281 Nisi
356 3247 433 3282 vero.
469 3236 571 3301 Madvig
581 3237 657 3293 reuda
670 3239 730 3284 with
742 3237 848 3294 Ernesti,
859 3240 933 3287 immo
943 3255 1004 3287 cero.

207 3312 259 3357 26.
278 3312 405 3358 occlusis
436 3313 571 3359 tabernis·
617 3313 678 3361 This
695 3315 819 3372 oecaned,
840 3316 871 3377 by
892 3318 1020 3365 commend
1038 3318 1065 3365 ci
1080 3318 1125 3365 the

172 3390 331 3450 magistrates,
345 3404 376 3436 ou
388 3390 429 3437 the
440 3389 558 3454 breaking
568 3397 610 3439 out
621 3393 648 3438 ο1
656 3392 736 3452 public
747 3392 918 3449 disturbences,
930 3394 978 3441 aud
990 3396 1015 3442 iu
1026 3396 1124 3459 general

171 3479 308 3529 mourning,

206 3545 260 3589 21.
285 3542 427 3589 Futurum
443 3541 507 3590 fuit·
545 3544 614 3607 Why
620 3543 697 3606 suit?
734 3544 1123 3606 manumiserimus.

171 3618 211 3667 Gi.
223 3619 275 3667 Liv.
287 3620 312 3676 2,
326 3621 352 3666 1:
369 3619 495 3683 quidenim
502 3619 623 3682 suturam
635 3621 701 3683 fuit,
712 3624 736 3671 si
747 3624 800 3671 ullo
810 3632 938 3688 pastorum
950 3641 1123 3674 conuenarum-

172 3711 218 3758 que
231 3696 428 3760 plebs-agitari
443 3706 523 3762 empto
534 3707 588 3747 erat
602 3699 744 3749 tribuniciis
752 3701 888 3764 procellis?

203 3772 250 3820 Gn
262 3772 396 3820 lit-so.
416 3774 462 3819 Ex
472 3777 602 3831 plurimis
612 3811 618 3824 .
627 3812 632 3824 .
642 3812 648 3824 .
660 3779 772 3825 insidiis
784 3779 865 3836 stane
877 3791 911 3825 ex
922 3779 1014 3826 media
1024 3779 1123 3829 morto.

170 3848 253 3914 Atque
266 3869 296 3893 =
310 3857 384 3914 ntem
396 3851 472 3899 etiam
483 3867 509 3900 er
519 3860 593 3917 atque
605 3854 672 3903 adeo.
705 3855 744 3903 Gi.
755 3855 772 3904 2
785 3856 841 3905 (iat.
854 3856 894 3913 12,
905 3856 945 3905 27.

628 3931 685 3992 19*
