2742 4384
442 318 572 359 ORATION
585 319 643 358 FOR
655 320 679 358 ¹1¹.
695 319 807 360 ANNIUS
821 319 900 360 MILO.

210 445 267 491 38.
285 446 419 495 lnnretie.
443 448 467 495 A
474 449 599 510 metnphor
610 449 729 496 borrowed
736 450 797 497 from
808 449 924 512 branding
933 451 1034 497 nnimeie
1046 450 1103 497 with
1111 407 1171 538 ὦ.

177 523 259 571 merke
271 525 303 585 by
315 525 392 572 which
405 526 463 587 they
475 528 551 589 might
568 528 596 574 he
613 526 709 574 known.
743 526 808 574 Here
825 543 840 574 e
857 528 951 575 soroibie
970 529 1103 589 expression

177 602 213 648 for
224 607 239 629 ‘⁶
248 600 441 649 inflict.”-Etri
452 605 516 665 onir,
529 604 577 652 &o
609 603 714 667 Though
728 606 794 652 what
808 606 896 662 (other)
906 606 963 665 pain
975 605 1045 652 oouid
1057 606 1085 652 he
1096 620 1122 651 so

177 685 245 741 great
256 693 283 725 ae
293 680 341 726 thie
353 684 395 739 (eo
403 679 525 743 depriving
536 696 575 728 me
587 682 614 728 oi
624 680 694 737 Milo)
706 696 713 741 3
730 682 772 729 hut
784 688 826 729 not
837 698 898 729 oven
908 683 956 730 thie
967 683 1015 730 will
1025 697 1074 743 yon
1084 683 1121 730 in·

177 756 228 803 fliot
247 771 278 803 on
295 771 336 803 me
355 763 380 804 to
400 757 441 804 the
460 757 546 820 degree
563 759 617 806 thet
628 757 641 806 1
652 759 715 806 ehell
735 761 818 821 surget,
832 758 879 807 deo.
912 758 997 806 Before
1013 766 1042 807 ot
1060 757 1120 807 ohli-

177 835 259 881 oirear
275 835 361 896 supply
374 841 470 881 tontum
485 837 597 891 inoretie,
613 836 628 882 i.
640 851 661 884 e.
680 851 712 882 ne
729 837 769 883 hio
785 836 880 897 quidem
898 836 947 898 ipre
964 837 1029 884 dolor
1039 842 1121 885 tentus

177 914 229 967 erit,
242 911 289 959 dm.

210 990 266 1035 39.
286 991 359 1043 (211ae
370 991 396 1035 ei
415 1000 463 1035 voe
481 988 554 1047 oepit
573 989 687 1036 oblivio.
722 988 849 1051 Foronjue
866 990 900 1037 rei
921 993 964 1050 (eo
981 992 1120 1052 quantine

176 1082 270 1129 eernper
276 1065 401 1129 sereritio)
412 1067 431 1113 ei
442 1081 485 1114 voe
495 1067 558 1128 oepit
568 1067 659 1114 ohiivio.
693 1067 741 1114 See
752 1072 808 1114 note
819 1083 849 1115 on
860 1083 883 1128 μ
894 1067 934 1123 91,
947 1069 993 1115 line
1001 1067 1041 1114 ³2.

209 1144 265 1189 40.
283 1144 316 1188 Sl
327 1145 357 1189 in
367 1154 412 1189 me
424 1143 531 1201 aliquid
543 1142 706 1190 offendistis.
741 1141 871 1203 Offendere
888 1146 915 1192 in
927 1144 1010 1207 aliquo
1022 1151 1058 1193 eet
1069 1145 1121 1193 eni·

175 1222 325 1270 madvertere
337 1220 432 1280 aliquid,
444 1221 506 1282 quod
517 1221 650 1267 molestiam
660 1222 742 1277 saciet,
754 1222 832 1282 itaque
849 1222 946 1269 moleste
964 1222 1050 1283 aliquid
1062 1224 1121 1270 serre

175 1301 200 1348 in
212 1301 296 1360 aliquo.
329 1297 390 1346 This
398 1314 479 1346 comer
489 1299 551 1346 srom
561 1299 603 1346 the
614 1313 699 1360 proper
705 1297 864 1362 eignifiootion
872 1300 899 1347 os
907 1297 1028 1359 offendere
1039 1301 1120 1348 which

175 1378 195 1425 ie
205 1378 336 1439 impingere
347 1376 373 1423 in
384 1391 418 1431 re,
427 1377 494 1437 queri
505 1377 625 1423 inormem
634 1377 658 1423 in
667 1376 763 1439 aliquid,
771 1376 834 1437 quod
841 1375 1121 1438 dhpiioeet—Guroorr,

177 1454 224 1501 &o
258 1453 325 1515 Why
336 1455 355 1501 ie
366 1459 408 1501 not
424 1454 478 1502 thet
495 1452 589 1501 offenoe
605 1453 694 1501 etoned
713 1454 749 1500 for
764 1454 798 1515 hy
809 1468 852 1516 my
863 1454 904 1502 life
920 1454 1001 1501 rather
1016 1455 1076 1502 then
1088 1455 1121 1517 by

176 1529 261 1578 Miio'e

208 1609 265 1654 42.
282 1605 621 1663 Siquid....aoe1derit·
655 1605 703 1653 See
714 1613 771 1654 note
782 1620 814 1653 on
825 1622 846 1668 μ
857 1606 898 1663 39,
910 1608 958 1654 line
967 1607 990 1655 8.

208 1685 264 1731 44.
282 1684 401 1732 rentium
413 1695 430 1728 a
440 1693 485 1728 me
496 1682 598 1728 emori·
609 1716 616 1728 .
627 1716 633 1728 .
645 1716 651 1728 .
663 1715 669 1728 .
681 1682 800 1730 officinm
817 1683 916 1730 defuit.
951 1683 989 1731 Gt.
1001 1683 1035 1731 od
1047 1684 1120 1732 Fano

176 1760 200 1818 2,
213 1761 236 1818 6,
247 1762 262 1809 3
272 1777 278 1809 :
297 1760 354 1824 Ego
367 1762 450 1808 omnia
459 1774 515 1807 meo
526 1758 622 1817 eludia,
638 1774 731 1807 ornnem
739 1775 845 1823 operam,
855 1775 950 1816 eoram,
962 1761 1126 1827 industriam,-

176 1841 355 1902 cogitotionem,
371 1844 474 1885 mentem
494 1836 597 1899 deniqne
615 1851 709 1884 monem
725 1838 752 1884 in
770 1835 874 1885 Milonir
889 1838 1019 1886 ronrolato
1032 1838 1085 1900 fixi
1096 1847 1121 1888 ot

175 1916 254 1965 locavi
271 1918 397 1979 rtotniqoe
414 1916 441 1962 in
461 1930 487 1962 eo
502 1929 539 1962 mo
556 1929 604 1962 non
614 1912 690 1973 officii
700 1914 779 1961 nolum
785 1913 909 1975 fructum,
920 1916 965 1964 red
982 1919 1057 1965 rtiom
1065 1919 1120 1981 pio-

176 1996 238 2042 totr’e
249 1993 348 2042 leodem
360 1991 444 2041 dehere
456 2007 573 2056 querere,
583 1991 631 2040 deo.
663 1991 725 2039 Thie
735 1992 893 2041 ieooufirmed
904 1995 937 2057 by
948 1996 989 2043 the
1001 1996 1121 2059 following

172 2070 223 2133 jnet
234 2072 321 2120 tribute
332 2072 359 2118 of
366 2071 453 2132 preire,
459 2069 541 2117 which
550 2069 677 2126 Aeooniue,
690 2069 745 2117 who
756 2070 817 2117 lived
829 2078 871 2118 not
882 2072 938 2135 long
949 2074 1011 2120 aiter
1021 2073 1068 2120 thie
1078 2088 1120 2135 pe·

174 2150 232 2207 riod,
244 2149 292 2196 end
305 2163 355 2196 wne
366 2148 505 2209 ooonreteiy
513 2146 656 2208 noqnointed
668 2147 727 2194 with
740 2148 769 2194 ite
777 2147 876 2210 history,
887 2163 948 2212 peye
959 2156 983 2197 to
992 2149 1086 2207 Cioero,
1095 2151 1120 2200 in

174 2227 211 2275 hie
222 2232 350 2289 argument
360 2231 386 2273 to
396 2226 443 2273 thie
453 2225 550 2272 oretion.
583 2224 654 2272 After
664 2223 783 2288 speaking
793 2226 820 2272 of
833 2226 874 2273 the
892 2232 993 2289 attempt
1004 2233 1029 2275 to
1040 2228 1120 2278 excite

174 2304 254 2352 odium
265 2306 361 2367 ageinet
371 2302 455 2351 Cicero
465 2304 501 2350 sor
515 2302 553 2349 hir
569 2302 621 2349 zeni
632 2303 657 2350 in
668 2303 711 2350 the
727 2302 828 2350 deienoe
844 2304 871 2350 oi
888 2302 957 2360 Milo,
970 2306 1018 2353 end
1035 2307 1061 2353 os
1077 2307 1119 2354 the

174 2383 265 2430 threete
276 2381 346 2429 made
358 2396 401 2428 noe
412 2382 440 2427 of
456 2386 480 2428 to
496 2380 589 2440 oompei
607 2379 659 2426 him
674 2385 700 2426 to
716 2378 796 2436 deeiet,
812 2368 930 2428 Aedoniue
947 2382 1019 2430 ndde:
1036 2381 1120 2431 Tnnte

174 2465 256 2507 temen
268 2459 401 2506 oonetentio
412 2472 442 2506 eo
452 2457 512 2505 fidee
522 2457 568 2504 fuir
579 2456 709 2512 Ciceronis,
718 2462 746 2505 ut
757 2472 805 2504 non
816 2459 894 2518 popuii
906 2475 922 2506 n
929 2474 955 2506 ee
967 2461 1118 2517 alienatione,

174 2551 224 2584 non
233 2536 279 2584 Cn.
288 2536 394 2598 Pompeii
402 2535 580 2597 suspicionibus,
592 2549 641 2581 non
650 2535 751 2595 periculi
768 2535 841 2582 futuri
857 2542 933 2592 metu,
944 2537 964 2583 ei
975 2537 1025 2583 diee
1036 2537 1067 2584 ad
1079 2552 1120 2598 po·

173 2615 257 2675 pulum
268 2614 392 2670 diceretur,
403 2626 452 2660 non
463 2613 544 2668 ermis,
555 2626 609 2672 qne
619 2612 701 2673 pelam
711 2613 737 2659 in
748 2610 865 2659 Milonem
876 2618 974 2673 sumpte
990 2619 1066 2669 erant,
1078 2614 1119 2661 de-

173 2693 254 2739 terreri
265 2693 367 2753 potuerit
385 2690 549 2738 odefeneione
560 2687 621 2750 ejoe,
632 2703 708 2749 quom
719 2694 798 2750 poreet
814 2703 885 2736 omne
900 2689 1031 2750 perieulum
1048 2706 1119 2738 eoum

173 2775 198 2816 et
216 2769 371 2818 offensionem
389 2769 493 2816 inimice
515 2766 673 2814 multitudinis
695 2765 825 2822 declinere,
843 2766 959 2814 redimere
979 2774 1062 2816 entem
1073 2767 1119 2816 Cn.

173 2844 279 2908 Pompeii
291 2848 408 2902 animum,
419 2848 439 2894 ei
449 2845 549 2907 paulurn
556 2859 586 2892 ex
597 2844 674 2893 etudio
685 2843 828 2895 defensionis
838 2845 972 2893 remieieeet

207 2928 237 2971 l·
256 2923 427 2971 Potentiam·
463 2921 571 2983 Pompey
582 2919 749 2969 endotheres
1107 2911 1168 2985 135

206 3002 239 3048 3.
257 3004 346 3059 Bona,
357 3001 492 3048 fortunae
527 2999 575 3047 See
586 3005 642 3046 note
652 3014 682 3046 on
694 3015 717 3062 p,
727 2999 769 3056 28,
779 3000 828 3048 iine
838 2998 862 3046 2.

205 3083 238 3127 4.
257 3081 291 3126 ln
307 3079 524 3126 oommnnionem
540 3077 651 3124 tuorum
670 3077 823 3134 temporum
841 3077 956 3133 contult,
973 3078 987 3124 i.
999 3092 1019 3124 e.
1037 3082 1119 3125 tecum

172 3158 359 3213 communicavi,
370 3171 444 3217 quom
456 3162 564 3216 tempora
580 3161 623 3203 tue
635 3156 662 3214 (i.
673 3169 695 3202 e.
711 3154 826 3215 pericula,
836 3154 884 3202 vid.
899 3154 937 3202 ad
955 3151 1040 3202 Monil.
1053 3155 1083 3213 l.)
1096 3154 1119 3202 id

173 3239 306 3293 poscerent,
314 3235 364 3280 eive
372 3239 454 3280 tecum
464 3233 564 3293 pertitus
574 3246 636 3278 eum.

206 3309 238 3355 6.
258 3307 531 3364 Dimicatloeaprtts.
565 3306 591 3354 Si
610 3306 728 3362 Clodiani,
747 3321 821 3368 quom
841 3312 865 3355 te
883 3308 1019 3357 ebeointnm
1037 3324 1118 3358 eenee·

173 3385 229 3441 rint,
240 3387 290 3433 vim
302 3386 387 3432 inferre
399 3391 524 3432 conentur.
556 3381 699 3432 Diminutio
711 3385 731 3431 ie
743 3384 800 3432 here
809 3391 850 3432 ont
861 3387 889 3433 ot
896 3386 972 3446 ploce.

209 3464 239 3508 ἵ.
260 3461 341 3515 Quid
359 3461 456 3517 haheo,
477 3460 559 3516 qnod.
603 3459 690 3508 Klotz:
718 3461 780 3524 qnid
803 3460 900 3509 haheo?
929 3462 992 3526 quid
1009 3461 1118 3524 sociam,

175 3538 224 3586 too.
257 3537 313 3587 The
324 3553 438 3587 common
455 3543 507 3586 text
526 3538 553 3594 ie,
568 3536 638 3596 Quid
654 3535 739 3596 dobeo,
756 3539 821 3603 qood
838 3539 928 3596 dicam,
939 3540 1004 3602 qood
1010 3540 1118 3602 faciam,

208 3698 240 3742 9.
258 3695 322 3740 Non
332 3693 431 3750 abnuo,
439 3704 493 3740 non
504 3705 613 3742 recuro.
648 3693 736 3743 Klotz:
755 3693 812 3743 Non
823 3711 917 3752 recuro,
928 3711 976 3743 non
988 3693 1075 3742 abono

209 3774 272 3841 10„
282 3774 316 3818 ln
327 3772 410 3829 hujus
421 3771 522 3828 aarum,
534 3772 549 3819 h
560 3787 582 3819 e.
593 3772 652 3820 dum
667 3771 740 3834 hujus
756 3775 859 3822 salutem
877 3773 993 3821 tuemini:
1011 3773 1037 3819 in
1053 3772 1118 3834 ejur-

174 3846 230 3898 δια
239 3851 326 3909 exitio,
338 3850 353 3897 i.
363 3864 385 3898 e.
396 3848 455 3899 dorn
466 3850 490 3899 ei
500 3850 600 3900 exitium
611 3848 709 3908 offertio,
720 3866 763 3913 pro
773 3866 819 3913 qno
831 3856 936 3908 enoetre
946 3850 1118 3899 consuetudine
