<?xml version="1.0" encoding="UTF-8"?>
<!DOCTYPE html PUBLIC "-//W3C//DTD XHTML 1.0 Transitional//EN"
    "http://www.w3.org/TR/xhtml1/DTD/xhtml1-transitional.dtd">
<html xmlns="http://www.w3.org/1999/xhtml" xml:lang="en" lang="en">
 <head>
  <title>
</title>
<meta http-equiv="Content-Type" content="text/html;charset=utf-8" />
  <meta name='ocr-system' content='tesseract 3.04.00' />
  <meta name='ocr-capabilities' content='ocr_page ocr_carea ocr_par ocr_line ocrx_word'/>
</head>
<body>
  <div class='ocr_page' id='page_1' title='image "./selectorationsm03cicegoog_0047.png"; bbox 0 0 2742 4384; ppageno 0'>
   <div class='ocr_carea' id='block_1_1' title="bbox 451 246 1189 335">
    <p class='ocr_par' dir='ltr' id='par_1_1' title="bbox 451 246 1189 335">
     <span class='ocr_line' id='line_1_1' title="bbox 451 246 1189 335; baseline 0.009 -13"><span class='ocrx_word' id='word_1_1' title='bbox 451 268 454 275; x_wconf 84' lang='lat'>&#39;</span> <span class='ocrx_word' id='word_1_2' title='bbox 471 246 505 322; x_wconf 82' lang='lat' dir='ltr'>m</span> <span class='ocrx_word' id='word_1_3' title='bbox 525 278 694 333; x_wconf 69' lang='lat' dir='ltr'>cacumin,</span> <span class='ocrx_word' id='word_1_4' title='bbox 709 280 775 324; x_wconf 74' lang='lat' dir='ltr'>our.</span> <span class='ocrx_word' id='word_1_5' title='bbox 789 282 819 335; x_wconf 83' lang='lat' dir='ltr'>v,</span> <span class='ocrx_word' id='word_1_6' title='bbox 832 282 872 325; x_wconf 76' lang='lat' dir='ltr'>rs</span> <span class='ocrx_word' id='word_1_7' title='bbox 1152 270 1189 329; x_wconf 79' lang='lat'>⁴1</span> 
     </span>
    </p>
   </div>
   <div class='ocr_carea' id='block_1_2' title="bbox 3 384 1142 740">
    <p class='ocr_par' dir='ltr' id='par_1_2' title="bbox 3 384 1142 648">
     <span class='ocr_line' id='line_1_2' title="bbox 3 384 1141 491; baseline 0.002 -20"><span class='ocrx_word' id='word_1_8' title='bbox 3 384 5 415; x_wconf 38' lang='lat' dir='ltr'>l</span> <span class='ocrx_word' id='word_1_9' title='bbox 189 412 272 472; x_wconf 87' lang='lat' dir='ltr'>solet.</span> <span class='ocrx_word' id='word_1_10' title='bbox 314 412 395 469; x_wconf 87' lang='lat' dir='ltr'>Bona</span> <span class='ocrx_word' id='word_1_11' title='bbox 416 416 555 489; x_wconf 82' lang='lat' dir='ltr'>praeterca</span> <span class='ocrx_word' id='word_1_12' title='bbox 575 408 713 490; x_wconf 84' lang='lat' dir='ltr'>publicari</span> <span class='ocrx_word' id='word_1_13' title='bbox 734 412 834 491; x_wconf 87' lang='lat' dir='ltr'>jubet:</span> <span class='ocrx_word' id='word_1_14' title='bbox 855 412 943 471; x_wconf 85' lang='lat' dir='ltr'>ritom</span> <span class='ocrx_word' id='word_1_15' title='bbox 956 412 1047 471; x_wconf 76' lang='lat' dir='ltr'>solam</span> <span class='ocrx_word' id='word_1_16' title='bbox 1060 411 1141 473; x_wconf 81' lang='lat' dir='ltr'>rolin·</span> 
     </span>
     <span class='ocr_line' id='line_1_3' title="bbox 3 420 1142 627; baseline 0.005 -82"><span class='ocrx_word' id='word_1_17' title='bbox 3 420 7 545; x_wconf 86' lang='lat' dir='ltr'>l</span> <span class='ocrx_word' id='word_1_18' title='bbox 189 493 251 569; x_wconf 89' lang='lat' dir='ltr'>quit</span> <span class='ocrx_word' id='word_1_19' title='bbox 275 491 387 548; x_wconf 80' lang='lat' dir='ltr'>nefariis</span> <span class='ocrx_word' id='word_1_20' title='bbox 412 490 587 557; x_wconf 90' lang='lat' dir='ltr'>hominibus;</span> <span class='ocrx_word' id='word_1_21' title='bbox 618 510 704 568; x_wconf 87' lang='lat' dir='ltr'>quam</span> <span class='ocrx_word' id='word_1_22' title='bbox 728 492 751 549; x_wconf 88' lang='lat' dir='ltr'>si</span> <span class='ocrx_word' id='word_1_23' title='bbox 770 491 931 627; x_wconf 50' lang='lat' dir='ltr'>§Q</span> <span class='ocrx_word' id='word_1_24' title='bbox 956 492 1060 551; x_wconf 88' lang='lat' dir='ltr'>multos</span> <span class='ocrx_word' id='word_1_25' title='bbox 1085 510 1142 550; x_wconf 89' lang='lat' dir='ltr'>uno</span> 
     </span>
     <span class='ocr_line' id='line_1_4' title="bbox 189 569 1142 648; baseline 0.002 -21"><span class='ocrx_word' id='word_1_26' title='bbox 189 570 288 628; x_wconf 87' lang='lat' dir='ltr'>dolore</span> <span class='ocrx_word' id='word_1_27' title='bbox 317 569 402 627; x_wconf 91' lang='lat' dir='ltr'>animi</span> <span class='ocrx_word' id='word_1_28' title='bbox 429 577 515 645; x_wconf 89' lang='lat' dir='ltr'>atque</span> <span class='ocrx_word' id='word_1_29' title='bbox 542 570 667 646; x_wconf 86' lang='lat' dir='ltr'>corporis</span> <span class='ocrx_word' id='word_1_30' title='bbox 694 578 725 627; x_wconf 91' lang='lat' dir='ltr'>et</span> <span class='ocrx_word' id='word_1_31' title='bbox 751 590 769 628; x_wconf 90' lang='lat' dir='ltr'>o</span> <span class='ocrx_word' id='word_1_32' title='bbox 798 590 848 628; x_wconf 90' lang='lat' dir='ltr'>nes</span> <span class='ocrx_word' id='word_1_33' title='bbox 875 570 1014 629; x_wconf 87' lang='lat' dir='ltr'>scelerum</span> <span class='ocrx_word' id='word_1_34' title='bbox 1040 590 1142 648; x_wconf 82' lang='lat' dir='ltr'>poenos</span> 
     </span>
    </p>

    <p class='ocr_par' dir='ltr' id='par_1_3' title="bbox 114 648 1142 740">
     <span class='ocr_line' id='line_1_5' title="bbox 114 648 1142 740; baseline 0.007 -39"><span class='ocrx_word' id='word_1_35' title='bbox 114 702 159 723; x_wconf 40' lang='lat' dir='ltr'><strong><em>f</em></strong></span> <span class='ocrx_word' id='word_1_36' title='bbox 174 649 353 740; x_wconf 56' lang='lat' dir='ltr'>Q</span> <span class='ocrx_word' id='word_1_37' title='bbox 381 649 497 725; x_wconf 71' lang='lat' dir='ltr'>itaque</span> <span class='ocrx_word' id='word_1_38' title='bbox 510 655 542 705; x_wconf 93' lang='lat' dir='ltr'>ut</span> <span class='ocrx_word' id='word_1_39' title='bbox 560 649 654 725; x_wconf 86' lang='lat' dir='ltr'>aliqua</span> <span class='ocrx_word' id='word_1_40' title='bbox 671 648 700 706; x_wconf 92' lang='lat' dir='ltr'>in</span> <span class='ocrx_word' id='word_1_41' title='bbox 714 648 771 707; x_wconf 87' lang='lat' dir='ltr'>vita</span> <span class='ocrx_word' id='word_1_42' title='bbox 784 649 905 707; x_wconf 81' lang='lat' dir='ltr'>formido</span> <span class='ocrx_word' id='word_1_43' title='bbox 919 649 1052 728; x_wconf 78' lang='lat' dir='ltr'><strong>improbis</strong></span> <span class='ocrx_word' id='word_1_44' title='bbox 1066 657 1142 708; x_wconf 79' lang='lat' dir='ltr'>esset</span> 
     </span>
    </p>
   </div>
   <div class='ocr_carea' id='block_1_3' title="bbox 3 726 1189 3911">
    <p class='ocr_par' dir='ltr' id='par_1_4' title="bbox 188 726 1170 886">
     <span class='ocr_line' id='line_1_6' title="bbox 188 726 1170 819; baseline 0.001 -35"><span class='ocrx_word' id='word_1_45' title='bbox 188 735 293 806; x_wconf 67' lang='lat' dir='ltr'>posita,</span> <span class='ocrx_word' id='word_1_46' title='bbox 308 726 387 805; x_wconf 92' lang='lat' dir='ltr'>apud</span> <span class='ocrx_word' id='word_1_47' title='bbox 407 727 510 788; x_wconf 84' lang='lat' dir='ltr'>inferos</span> <span class='ocrx_word' id='word_1_48' title='bbox 523 728 662 804; x_wconf 87' lang='lat' dir='ltr'>ejusmodi</span> <span class='ocrx_word' id='word_1_49' title='bbox 682 727 816 803; x_wconf 80' lang='lat' dir='ltr'>quaedam</span> <span class='ocrx_word' id='word_1_50' title='bbox 830 728 868 785; x_wconf 92' lang='lat' dir='ltr'>illi</span> <span class='ocrx_word' id='word_1_51' title='bbox 882 727 989 819; x_wconf 76' lang='lat' dir='ltr'>antiqui</span> <span class='ocrx_word' id='word_1_52' title='bbox 1002 728 1170 806; x_wconf 66' lang='lat' dir='ltr'>supplicius</span> 
     </span>
     <span class='ocr_line' id='line_1_7' title="bbox 188 805 1142 886; baseline 0.003 -24"><span class='ocrx_word' id='word_1_53' title='bbox 188 806 282 883; x_wconf 85' lang='lat' dir='ltr'>impiis</span> <span class='ocrx_word' id='word_1_54' title='bbox 296 805 451 863; x_wconf 87' lang='lat' dir='ltr'>constituta</span> <span class='ocrx_word' id='word_1_55' title='bbox 465 805 698 873; x_wconf 88' lang='lat' dir='ltr'>essevoluerunt;</span> <span class='ocrx_word' id='word_1_56' title='bbox 719 807 796 883; x_wconf 92' lang='lat' dir='ltr'>quod</span> <span class='ocrx_word' id='word_1_57' title='bbox 808 806 936 864; x_wconf 85' lang='lat' dir='ltr'>videlicet</span> <span class='ocrx_word' id='word_1_58' title='bbox 948 807 1142 886; x_wconf 70' lang='lat' dir='ltr'>intelligebant</span> 
     </span>
    </p>

    <p class='ocr_par' dir='ltr' id='par_1_5' title="bbox 3 840 1025 973">
     <span class='ocr_line' id='line_1_8' title="bbox 3 840 1025 973; baseline 0.002 -31"><span class='ocrx_word' id='word_1_59' title='bbox 3 840 6 973; x_wconf 70' lang='lat' dir='ltr'>l</span> <span class='ocrx_word' id='word_1_60' title='bbox 188 886 234 942; x_wconf 90' lang='lat' dir='ltr'>his</span> <span class='ocrx_word' id='word_1_61' title='bbox 249 885 365 942; x_wconf 87' lang='lat' dir='ltr'>remotis</span> <span class='ocrx_word' id='word_1_62' title='bbox 379 903 436 941; x_wconf 91' lang='lat' dir='ltr'>uon</span> <span class='ocrx_word' id='word_1_63' title='bbox 450 902 511 951; x_wconf 73' lang='lat' dir='ltr'>esse</span> <span class='ocrx_word' id='word_1_64' title='bbox 525 892 645 942; x_wconf 89' lang='lat' dir='ltr'>mortem</span> <span class='ocrx_word' id='word_1_65' title='bbox 660 885 751 962; x_wconf 82' lang='lat' dir='ltr'>ipsam</span> <span class='ocrx_word' id='word_1_66' title='bbox 766 884 1025 973; x_wconf 52' lang='lat' dir='ltr'>[grtimescendam.</span> 
     </span>
    </p>

    <p class='ocr_par' dir='ltr' id='par_1_6' title="bbox 150 962 1189 1291">
     <span class='ocr_line' id='line_1_9' title="bbox 150 962 1140 1100; baseline 0.004 -80"><span class='ocrx_word' id='word_1_67' title='bbox 150 982 155 989; x_wconf 83' lang='grc'><strong>’</strong></span> <span class='ocrx_word' id='word_1_68' title='bbox 229 963 267 1020; x_wconf 76' lang='lat' dir='ltr'>V.</span> <span class='ocrx_word' id='word_1_69' title='bbox 314 970 340 1021; x_wconf 78' lang='lat' dir='ltr'>t.</span> <span class='ocrx_word' id='word_1_70' title='bbox 372 963 468 1030; x_wconf 88' lang='lat' dir='ltr'>Nunc,</span> <span class='ocrx_word' id='word_1_71' title='bbox 493 962 593 1021; x_wconf 78' lang='lat' dir='ltr'>Patres</span> <span class='ocrx_word' id='word_1_72' title='bbox 617 964 775 1040; x_wconf 75' lang='lat' dir='ltr'>conscripti,</span> <span class='ocrx_word' id='word_1_73' title='bbox 800 983 854 1100; x_wconf 58' lang='lat' dir='ltr'>ego</span> <span class='ocrx_word' id='word_1_74' title='bbox 877 983 941 1021; x_wconf 84' lang='lat' dir='ltr'>mea</span> <span class='ocrx_word' id='word_1_75' title='bbox 965 964 1048 1022; x_wconf 83' lang='lat' dir='ltr'>rideo</span> <span class='ocrx_word' id='word_1_76' title='bbox 1070 964 1140 1055; x_wconf 77' lang='lat' dir='ltr'>quid</span> 
     </span>
     <span class='ocr_line' id='line_1_10' title="bbox 187 1041 1140 1123; baseline 0.001 -23"><span class='ocrx_word' id='word_1_77' title='bbox 187 1042 307 1123; x_wconf 60' lang='lat' dir='ltr'>intersit.</span> <span class='ocrx_word' id='word_1_78' title='bbox 350 1041 381 1100; x_wconf 84' lang='lat' dir='ltr'>Si</span> <span class='ocrx_word' id='word_1_79' title='bbox 405 1042 482 1119; x_wconf 84' lang='lat' dir='ltr'>eritis</span> <span class='ocrx_word' id='word_1_80' title='bbox 501 1042 592 1099; x_wconf 88' lang='lat' dir='ltr'>secuti</span> <span class='ocrx_word' id='word_1_81' title='bbox 615 1043 783 1100; x_wconf 86' lang='lat' dir='ltr'>sententiam</span> <span class='ocrx_word' id='word_1_82' title='bbox 833 1042 984 1110; x_wconf 69' lang='lat' dir='ltr'>,Omsaria</span> <span class='ocrx_word' id='word_1_83' title='bbox 1028 1062 1140 1101; x_wconf 85' lang='lat' dir='ltr'>nomam</span> 
     </span>
     <span class='ocr_line' id='line_1_11' title="bbox 187 1112 1189 1199; baseline 0.003 -21"><span class='ocrx_word' id='word_1_84' title='bbox 187 1122 263 1197; x_wconf 79' lang='lat' dir='ltr'>hanc</span> <span class='ocrx_word' id='word_1_85' title='bbox 277 1122 301 1178; x_wconf 90' lang='lat' dir='ltr'>is</span> <span class='ocrx_word' id='word_1_86' title='bbox 315 1121 343 1178; x_wconf 92' lang='lat' dir='ltr'>in</span> <span class='ocrx_word' id='word_1_87' title='bbox 357 1140 387 1178; x_wconf 91' lang='lat' dir='ltr'>re</span> <span class='ocrx_word' id='word_1_88' title='bbox 401 1112 611 1197; x_wconf 75' lang='lat' dir='ltr'>publica‘viam,</span> <span class='ocrx_word' id='word_1_89' title='bbox 625 1139 691 1198; x_wconf 80' lang='lat' dir='ltr'>quae</span> <span class='ocrx_word' id='word_1_90' title='bbox 715 1121 859 1199; x_wconf 86' lang='lat' dir='ltr'>populeris</span> <span class='ocrx_word' id='word_1_91' title='bbox 881 1122 1009 1189; x_wconf 87' lang='lat' dir='ltr'>habetur,</span> <span class='ocrx_word' id='word_1_92' title='bbox 1024 1134 1139 1180; x_wconf 85' lang='lat' dir='ltr'>secutus</span> <span class='ocrx_word' id='word_1_93' title='bbox 1152 1128 1189 1182; x_wconf 89' lang='grc'>10</span> 
     </span>
     <span class='ocr_line' id='line_1_12' title="bbox 188 1199 1139 1291; baseline 0.003 -34"><span class='ocrx_word' id='word_1_94' title='bbox 188 1201 378 1277; x_wconf 36' lang='grc' dir='ltr'>θεῐκΐοτιειεεθ</span> <span class='ocrx_word' id='word_1_95' title='bbox 391 1199 484 1256; x_wconf 90' lang='lat' dir='ltr'>minus</span> <span class='ocrx_word' id='word_1_96' title='bbox 498 1206 580 1256; x_wconf 90' lang='lat' dir='ltr'>erunt</span> <span class='ocrx_word' id='word_1_97' title='bbox 601 1199 656 1257; x_wconf 92' lang='lat' dir='ltr'>hoc</span> <span class='ocrx_word' id='word_1_98' title='bbox 670 1210 785 1258; x_wconf 87' lang='lat' dir='ltr'>auctore</span> <span class='ocrx_word' id='word_1_99' title='bbox 801 1208 832 1258; x_wconf 89' lang='lat' dir='ltr'>et</span> <span class='ocrx_word' id='word_1_100' title='bbox 853 1200 996 1278; x_wconf 78' lang='lat' dir='ltr'>cognitore</span> <span class='ocrx_word' id='word_1_101' title='bbox 1021 1202 1139 1291; x_wconf 78' lang='lat' dir='ltr'>hujusce</span> 
     </span>
    </p>

    <p class='ocr_par' dir='ltr' id='par_1_7' title="bbox 152 1278 1163 1439">
     <span class='ocr_line' id='line_1_13' title="bbox 152 1278 1163 1357; baseline 0.002 -21"><span class='ocrx_word' id='word_1_102' title='bbox 152 1314 163 1335; x_wconf 55' lang='lat' dir='ltr'>t</span> <span class='ocrx_word' id='word_1_103' title='bbox 188 1279 337 1336; x_wconf 72' lang='lat' dir='ltr'>sententiae</span> <span class='ocrx_word' id='word_1_104' title='bbox 350 1279 419 1335; x_wconf 92' lang='lat' dir='ltr'>mihi</span> <span class='ocrx_word' id='word_1_105' title='bbox 442 1278 593 1355; x_wconf 83' lang='lat' dir='ltr'>populares</span> <span class='ocrx_word' id='word_1_106' title='bbox 607 1279 730 1355; x_wconf 86' lang='lat' dir='ltr'>impetus</span> <span class='ocrx_word' id='word_1_107' title='bbox 745 1279 976 1357; x_wconf 86' lang='lat' dir='ltr'>pertimescendi:</span> <span class='ocrx_word' id='word_1_108' title='bbox 998 1279 1040 1337; x_wconf 85' lang='lat' dir='ltr'>sin</span> <span class='ocrx_word' id='word_1_109' title='bbox 1061 1280 1138 1338; x_wconf 82' lang='lat' dir='ltr'>illam</span> <span class='ocrx_word' id='word_1_110' title='bbox 1160 1298 1163 1311; x_wconf 92' lang='lat'>·</span> 
     </span>
     <span class='ocr_line' id='line_1_14' title="bbox 187 1356 1139 1439; baseline 0.004 -26"><span class='ocrx_word' id='word_1_111' title='bbox 187 1358 318 1424; x_wconf 84' lang='lat' dir='ltr'>alteram,</span> <span class='ocrx_word' id='word_1_112' title='bbox 333 1356 435 1425; x_wconf 87' lang='lat' dir='ltr'>nescio,</span> <span class='ocrx_word' id='word_1_113' title='bbox 450 1375 486 1423; x_wconf 86' lang='lat' dir='ltr'>an</span> <span class='ocrx_word' id='word_1_114' title='bbox 500 1357 622 1434; x_wconf 86' lang='lat' dir='ltr'>amplius</span> <span class='ocrx_word' id='word_1_115' title='bbox 636 1357 704 1439; x_wconf 86' lang='lat' dir='ltr'>mihi</span> <span class='ocrx_word' id='word_1_116' title='bbox 724 1358 829 1436; x_wconf 80' lang='lat' dir='ltr'>negotii</span> <span class='ocrx_word' id='word_1_117' title='bbox 848 1358 1037 1425; x_wconf 66' lang='lat' dir='ltr'>contrabatur.</span> <span class='ocrx_word' id='word_1_118' title='bbox 1079 1358 1139 1417; x_wconf 82' lang='lat' dir='ltr'>Sed</span> 
     </span>
    </p>

    <p class='ocr_par' dir='ltr' id='par_1_8' title="bbox 149 1435 1139 1516">
     <span class='ocr_line' id='line_1_15' title="bbox 149 1435 1139 1516; baseline 0.005 -24"><span class='ocrx_word' id='word_1_119' title='bbox 149 1444 153 1451; x_wconf 89' lang='lat'>&#39;</span> <span class='ocrx_word' id='word_1_120' title='bbox 187 1442 285 1493; x_wconf 86' lang='lat' dir='ltr'>tamen</span> <span class='ocrx_word' id='word_1_121' title='bbox 310 1455 439 1493; x_wconf 90' lang='lat' dir='ltr'>meorum</span> <span class='ocrx_word' id='word_1_122' title='bbox 460 1435 793 1513; x_wconf 73' lang='lat' dir='ltr'>periculorum‘rationes</span> <span class='ocrx_word' id='word_1_123' title='bbox 820 1438 926 1495; x_wconf 80' lang='lat' dir='ltr'>utilitas</span> <span class='ocrx_word' id='word_1_124' title='bbox 954 1438 993 1494; x_wconf 88' lang='lat' dir='ltr'>rei</span> <span class='ocrx_word' id='word_1_125' title='bbox 1016 1438 1139 1516; x_wconf 76' lang='lat' dir='ltr'>publicar</span> 
     </span>
    </p>

    <p class='ocr_par' dir='ltr' id='par_1_9' title="bbox 108 1514 1187 1907">
     <span class='ocr_line' id='line_1_16' title="bbox 108 1514 1187 1606; baseline 0.006 -35"><span class='ocrx_word' id='word_1_126' title='bbox 108 1526 151 1590; x_wconf 54' lang='lat' dir='ltr'>[p</span> <span class='ocrx_word' id='word_1_127' title='bbox 186 1516 290 1572; x_wconf 80' lang='lat' dir='ltr'>vincat.</span> <span class='ocrx_word' id='word_1_128' title='bbox 332 1515 481 1572; x_wconf 75' lang='lat' dir='ltr'>Habemus</span> <span class='ocrx_word' id='word_1_129' title='bbox 496 1515 602 1572; x_wconf 85' lang='lat' dir='ltr'>enims</span> <span class='ocrx_word' id='word_1_130' title='bbox 623 1514 656 1573; x_wconf 81' lang='lat'>0.</span> <span class='ocrx_word' id='word_1_131' title='bbox 673 1515 797 1583; x_wconf 76' lang='lat' dir='ltr'>Oaesare,</span> <span class='ocrx_word' id='word_1_132' title='bbox 812 1516 885 1574; x_wconf 86' lang='lat' dir='ltr'>sicut</span> <span class='ocrx_word' id='word_1_133' title='bbox 908 1516 995 1606; x_wconf 83' lang='lat' dir='ltr'>ipsius</span> <span class='ocrx_word' id='word_1_134' title='bbox 1015 1517 1187 1596; x_wconf 78' lang='lat' dir='ltr'>dignitaslll</span> 
     </span>
     <span class='ocr_line' id='line_1_17' title="bbox 187 1592 1138 1673; baseline 0.004 -23"><span class='ocrx_word' id='word_1_135' title='bbox 187 1602 216 1650; x_wconf 87' lang='lat' dir='ltr'>ct</span> <span class='ocrx_word' id='word_1_136' title='bbox 227 1594 369 1670; x_wconf 89' lang='lat' dir='ltr'>majorum</span> <span class='ocrx_word' id='word_1_137' title='bbox 383 1594 446 1670; x_wconf 86' lang='lat' dir='ltr'>ejus</span> <span class='ocrx_word' id='word_1_138' title='bbox 460 1592 617 1671; x_wconf 80' lang='lat' dir='ltr'>amplitudo</span> <span class='ocrx_word' id='word_1_139' title='bbox 632 1595 804 1671; x_wconf 85' lang='lat' dir='ltr'>postulabat,</span> <span class='ocrx_word' id='word_1_140' title='bbox 811 1592 979 1653; x_wconf 80' lang='lat' dir='ltr'>sententiani</span> <span class='ocrx_word' id='word_1_141' title='bbox 993 1604 1138 1673; x_wconf 83' lang='lat' dir='ltr'>tamquam</span> 
     </span>
     <span class='ocr_line' id='line_1_18' title="bbox 187 1672 1138 1749; baseline 0.004 -21"><span class='ocrx_word' id='word_1_142' title='bbox 187 1672 318 1729; x_wconf 90' lang='lat' dir='ltr'>obsidem</span> <span class='ocrx_word' id='word_1_143' title='bbox 332 1681 480 1749; x_wconf 89' lang='lat' dir='ltr'>perpetuae</span> <span class='ocrx_word' id='word_1_144' title='bbox 493 1672 521 1729; x_wconf 89' lang='lat' dir='ltr'>in</span> <span class='ocrx_word' id='word_1_145' title='bbox 535 1691 594 1729; x_wconf 91' lang='lat' dir='ltr'>rem</span> <span class='ocrx_word' id='word_1_146' title='bbox 609 1673 753 1748; x_wconf 83' lang='lat' dir='ltr'>publicam</span> <span class='ocrx_word' id='word_1_147' title='bbox 767 1674 927 1732; x_wconf 85' lang='lat' dir='ltr'>voluntatis.</span> <span class='ocrx_word' id='word_1_148' title='bbox 958 1675 1138 1732; x_wconf 84' lang='lat' dir='ltr'>Intellectum</span> 
     </span>
     <span class='ocr_line' id='line_1_19' title="bbox 186 1751 1138 1827; baseline 0.004 -20"><span class='ocrx_word' id='word_1_149' title='bbox 186 1759 240 1818; x_wconf 88' lang='lat' dir='ltr'>est,</span> <span class='ocrx_word' id='word_1_150' title='bbox 255 1751 323 1827; x_wconf 91' lang='lat' dir='ltr'>quid</span> <span class='ocrx_word' id='word_1_151' title='bbox 338 1752 447 1808; x_wconf 85' lang='lat' dir='ltr'>intorsit</span> <span class='ocrx_word' id='word_1_152' title='bbox 467 1751 538 1808; x_wconf 88' lang='lat' dir='ltr'>inter</span> <span class='ocrx_word' id='word_1_153' title='bbox 556 1751 699 1810; x_wconf 82' lang='lat' dir='ltr'>levitatem</span> <span class='ocrx_word' id='word_1_154' title='bbox 714 1752 940 1811; x_wconf 83' lang='lat' dir='ltr'>concionatorum</span> <span class='ocrx_word' id='word_1_155' title='bbox 962 1761 992 1810; x_wconf 90' lang='lat' dir='ltr'>et</span> <span class='ocrx_word' id='word_1_156' title='bbox 1014 1754 1138 1811; x_wconf 89' lang='lat' dir='ltr'>animum</span> 
     </span>
     <span class='ocr_line' id='line_1_20' title="bbox 185 1829 1138 1907; baseline 0.002 -21"><span class='ocrx_word' id='word_1_157' title='bbox 185 1848 254 1887; x_wconf 86' lang='lat' dir='ltr'>vere</span> <span class='ocrx_word' id='word_1_158' title='bbox 268 1830 446 1907; x_wconf 88' lang='lat' dir='ltr'>popularem,</span> <span class='ocrx_word' id='word_1_159' title='bbox 468 1829 551 1886; x_wconf 88' lang='lat' dir='ltr'>saluti</span> <span class='ocrx_word' id='word_1_160' title='bbox 565 1830 663 1907; x_wconf 90' lang='lat' dir='ltr'>populi</span> <span class='ocrx_word' id='word_1_161' title='bbox 683 1832 886 1891; x_wconf 83' lang='lat' dir='ltr'>consulentem.</span> <span class='ocrx_word' id='word_1_162' title='bbox 929 1838 974 1889; x_wconf 82' lang='lat'>1⁰.</span> <span class='ocrx_word' id='word_1_163' title='bbox 996 1832 1087 1888; x_wconf 83' lang='lat' dir='ltr'>Video</span> <span class='ocrx_word' id='word_1_164' title='bbox 1101 1832 1138 1889; x_wconf 83' lang='lat' dir='ltr'>dc</span> 
     </span>
    </p>

    <p class='ocr_par' dir='ltr' id='par_1_10' title="bbox 3 1899 1187 3088">
     <span class='ocr_line' id='line_1_21' title="bbox 47 1899 1187 1985; baseline 0.003 -19"><span class='ocrx_word' id='word_1_165' title='bbox 47 1954 52 1966; x_wconf 90' lang='lat'><strong>.</strong></span> <span class='ocrx_word' id='word_1_166' title='bbox 91 1982 95 1985; x_wconf 32' lang='grc'>-</span> <span class='ocrx_word' id='word_1_167' title='bbox 185 1907 321 1983; x_wconf 84' lang='lat' dir='ltr'>istis,&#39;qui</span> <span class='ocrx_word' id='word_1_168' title='bbox 341 1927 372 1965; x_wconf 90' lang='lat' dir='ltr'>se</span> <span class='ocrx_word' id='word_1_169' title='bbox 389 1899 544 1985; x_wconf 65' lang='lat' dir='ltr'>pepulffre&#39;s&#39;</span> <span class='ocrx_word' id='word_1_170' title='bbox 553 1908 652 1966; x_wconf 81' lang='lat' dir='ltr'>haberi</span> <span class='ocrx_word' id='word_1_171' title='bbox 667 1909 773 1976; x_wconf 88' lang='lat' dir='ltr'>volunt,</span> <span class='ocrx_word' id='word_1_172' title='bbox 787 1911 887 1967; x_wconf 79' lang='lat' dir='ltr'>abesse</span> <span class='ocrx_word' id='word_1_173' title='bbox 908 1929 965 1967; x_wconf 85' lang='lat' dir='ltr'>non</span> <span class='ocrx_word' id='word_1_174' title='bbox 987 1910 1187 1976; x_wconf 79' lang='lat' dir='ltr'>neminem,20</span> 
     </span>
     <span class='ocr_line' id='line_1_22' title="bbox 186 1987 1136 2063; baseline 0.003 -20"><span class='ocrx_word' id='word_1_175' title='bbox 186 2005 222 2044; x_wconf 92' lang='lat' dir='ltr'>ne</span> <span class='ocrx_word' id='word_1_176' title='bbox 237 1987 274 2044; x_wconf 91' lang='lat' dir='ltr'>de</span> <span class='ocrx_word' id='word_1_177' title='bbox 289 1987 381 2063; x_wconf 89' lang='lat' dir='ltr'>capite</span> <span class='ocrx_word' id='word_1_178' title='bbox 395 1987 526 2046; x_wconf 86' lang='lat' dir='ltr'>videlicet</span> <span class='ocrx_word' id='word_1_179' title='bbox 546 1987 648 2045; x_wconf 89' lang='lat' dir='ltr'>cirium</span> <span class='ocrx_word' id='word_1_180' title='bbox 662 1988 854 2046; x_wconf 87' lang='lat' dir='ltr'>Romanorum</span> <span class='ocrx_word' id='word_1_181' title='bbox 869 1988 1036 2045; x_wconf 86' lang='lat' dir='ltr'>sententiam</span> <span class='ocrx_word' id='word_1_182' title='bbox 1055 1988 1136 2046; x_wconf 79' lang='lat' dir='ltr'>ierat.</span> 
     </span>
     <span class='ocr_line' id='line_1_23' title="bbox 3 2050 1138 2125; baseline 0.003 -4"><span class='ocrx_word' id='word_1_183' title='bbox 3 2050 6 2121; x_wconf 88' lang='lat' dir='ltr'>l</span> <span class='ocrx_word' id='word_1_184' title='bbox 185 2065 217 2122; x_wconf 92' lang='lat' dir='ltr'>Is</span> <span class='ocrx_word' id='word_1_185' title='bbox 240 2073 271 2122; x_wconf 87' lang='lat' dir='ltr'>et</span> <span class='ocrx_word' id='word_1_186' title='bbox 294 2065 498 2123; x_wconf 86' lang='lat' dir='ltr'>nudiustertius</span> <span class='ocrx_word' id='word_1_187' title='bbox 517 2067 545 2123; x_wconf 94' lang='lat' dir='ltr'>in</span> <span class='ocrx_word' id='word_1_188' title='bbox 569 2066 727 2124; x_wconf 80' lang='lat' dir='ltr'>custodiam</span> <span class='ocrx_word' id='word_1_189' title='bbox 750 2066 824 2125; x_wconf 88' lang='lat' dir='ltr'>cives</span> <span class='ocrx_word' id='word_1_190' title='bbox 845 2068 988 2124; x_wconf 64' lang='lat' dir='ltr'>Romam</span> <span class='ocrx_word' id='word_1_191' title='bbox 1008 2064 1088 2125; x_wconf 88' lang='lat' dir='ltr'>dedit</span> <span class='ocrx_word' id='word_1_192' title='bbox 1108 2074 1138 2124; x_wconf 87' lang='lat' dir='ltr'>et</span> 
     </span>
     <span class='ocr_line' id='line_1_24' title="bbox 185 2143 1138 2221; baseline 0.003 -21"><span class='ocrx_word' id='word_1_193' title='bbox 185 2143 423 2221; x_wconf 80' lang='lat' dir='ltr'>supplicationem</span> <span class='ocrx_word' id='word_1_194' title='bbox 434 2144 501 2201; x_wconf 90' lang='lat' dir='ltr'>mihi</span> <span class='ocrx_word' id='word_1_195' title='bbox 514 2145 639 2202; x_wconf 87' lang='lat' dir='ltr'>decrevit</span> <span class='ocrx_word' id='word_1_196' title='bbox 652 2154 681 2202; x_wconf 87' lang='lat' dir='ltr'>ct</span> <span class='ocrx_word' id='word_1_197' title='bbox 694 2146 799 2203; x_wconf 91' lang='lat' dir='ltr'>indices</span> <span class='ocrx_word' id='word_1_198' title='bbox 810 2146 941 2203; x_wconf 89' lang='lat' dir='ltr'>hesterno</span> <span class='ocrx_word' id='word_1_199' title='bbox 956 2146 1000 2203; x_wconf 89' lang='lat' dir='ltr'>die</span> <span class='ocrx_word' id='word_1_200' title='bbox 1011 2146 1138 2203; x_wconf 84' lang='lat' dir='ltr'>maximis</span> 
     </span>
     <span class='ocr_line' id='line_1_25' title="bbox 186 2218 1137 2301; baseline 0.004 -23"><span class='ocrx_word' id='word_1_201' title='bbox 186 2218 311 2300; x_wconf 86' lang='lat' dir='ltr'>praemiis</span> <span class='ocrx_word' id='word_1_202' title='bbox 334 2223 437 2281; x_wconf 86' lang='lat' dir='ltr'>affecit.</span> <span class='ocrx_word' id='word_1_203' title='bbox 491 2224 556 2281; x_wconf 87' lang='lat' dir='ltr'>Jam</span> <span class='ocrx_word' id='word_1_204' title='bbox 584 2224 638 2282; x_wconf 91' lang='lat' dir='ltr'>hoc</span> <span class='ocrx_word' id='word_1_205' title='bbox 660 2224 762 2281; x_wconf 83' lang='lat' dir='ltr'>nemini</span> <span class='ocrx_word' id='word_1_206' title='bbox 790 2224 909 2282; x_wconf 92' lang='lat' dir='ltr'>dubium</span> <span class='ocrx_word' id='word_1_207' title='bbox 933 2234 985 2291; x_wconf 88' lang='lat' dir='ltr'>est,</span> <span class='ocrx_word' id='word_1_208' title='bbox 1013 2226 1061 2301; x_wconf 91' lang='lat' dir='ltr'>qui</span> <span class='ocrx_word' id='word_1_209' title='bbox 1089 2243 1137 2282; x_wconf 91' lang='lat' dir='ltr'>reo</span> 
     </span>
     <span class='ocr_line' id='line_1_26' title="bbox 113 2301 1184 2380; baseline 0.003 -21"><span class='ocrx_word' id='word_1_210' title='bbox 113 2334 118 2339; x_wconf 92' lang='lat'><em>·</em></span> <span class='ocrx_word' id='word_1_211' title='bbox 186 2301 354 2368; x_wconf 85' lang='lat' dir='ltr'>custodiam,</span> <span class='ocrx_word' id='word_1_212' title='bbox 365 2302 510 2378; x_wconf 86' lang='lat' dir='ltr'>quaesitori</span> <span class='ocrx_word' id='word_1_213' title='bbox 518 2302 744 2379; x_wconf 85' lang='lat' dir='ltr'>gratulationem,</span> <span class='ocrx_word' id='word_1_214' title='bbox 753 2302 835 2361; x_wconf 92' lang='lat' dir='ltr'>indici</span> <span class='ocrx_word' id='word_1_215' title='bbox 847 2303 995 2380; x_wconf 85' lang='lat' dir='ltr'>praeminm</span> <span class='ocrx_word' id='word_1_216' title='bbox 1004 2304 1135 2370; x_wconf 87' lang='lat' dir='ltr'>decrevit,</span> <span class='ocrx_word' id='word_1_217' title='bbox 1146 2310 1184 2366; x_wconf 73' lang='lat'>25</span> 
     </span>
     <span class='ocr_line' id='line_1_27' title="bbox 173 2378 1135 2458; baseline 0.003 -22"><span class='ocrx_word' id='word_1_218' title='bbox 173 2378 257 2456; x_wconf 80' lang='lat' dir='ltr'>,qnid</span> <span class='ocrx_word' id='word_1_219' title='bbox 271 2379 308 2436; x_wconf 92' lang='lat' dir='ltr'>de</span> <span class='ocrx_word' id='word_1_220' title='bbox 322 2387 381 2437; x_wconf 88' lang='lat' dir='ltr'>tcta</span> <span class='ocrx_word' id='word_1_221' title='bbox 394 2399 425 2437; x_wconf 89' lang='lat' dir='ltr'>re</span> <span class='ocrx_word' id='word_1_222' title='bbox 439 2387 468 2437; x_wconf 91' lang='lat' dir='ltr'>et</span> <span class='ocrx_word' id='word_1_223' title='bbox 482 2400 566 2441; x_wconf 90' lang='lat' dir='ltr'>causa</span> <span class='ocrx_word' id='word_1_224' title='bbox 577 2381 719 2458; x_wconf 88' lang='lat' dir='ltr'>judicarit.</span> <span class='ocrx_word' id='word_1_225' title='bbox 760 2381 802 2438; x_wconf 88' lang='lat' dir='ltr'>At</span> <span class='ocrx_word' id='word_1_226' title='bbox 816 2400 882 2438; x_wconf 83' lang='lat' dir='ltr'>vero</span> <span class='ocrx_word' id='word_1_227' title='bbox 897 2382 929 2439; x_wconf 84' lang='lat' dir='ltr'>C.</span> <span class='ocrx_word' id='word_1_228' title='bbox 945 2381 1135 2439; x_wconf 67' lang='lat' dir='ltr'>Caesarintel·</span> 
     </span>
     <span class='ocr_line' id='line_1_28' title="bbox 185 2457 1135 2536; baseline 0.005 -22"><span class='ocrx_word' id='word_1_229' title='bbox 185 2457 250 2536; x_wconf 83' lang='lat' dir='ltr'>ligit</span> <span class='ocrx_word' id='word_1_230' title='bbox 263 2458 357 2536; x_wconf 87' lang='lat' dir='ltr'>legem</span> <span class='ocrx_word' id='word_1_231' title='bbox 371 2458 566 2535; x_wconf 87' lang='lat' dir='ltr'>Semproniam</span> <span class='ocrx_word' id='word_1_232' title='bbox 588 2478 650 2533; x_wconf 79' lang='lat' dir='ltr'>esse</span> <span class='ocrx_word' id='word_1_233' title='bbox 670 2459 707 2517; x_wconf 89' lang='lat' dir='ltr'>dc</span> <span class='ocrx_word' id='word_1_234' title='bbox 721 2459 829 2518; x_wconf 82' lang='lat' dir='ltr'>civibus</span> <span class='ocrx_word' id='word_1_235' title='bbox 850 2460 982 2517; x_wconf 60' lang='lat' dir='ltr'>Romam</span> <span class='ocrx_word' id='word_1_236' title='bbox 1002 2461 1135 2535; x_wconf 65' lang='lat' dir='ltr'>constitu·</span> 
     </span>
     <span class='ocr_line' id='line_1_29' title="bbox 187 2537 1135 2615; baseline 0.005 -22"><span class='ocrx_word' id='word_1_237' title='bbox 187 2544 265 2603; x_wconf 90' lang='lat' dir='ltr'>tam;</span> <span class='ocrx_word' id='word_1_238' title='bbox 291 2537 340 2612; x_wconf 91' lang='lat' dir='ltr'>qui</span> <span class='ocrx_word' id='word_1_239' title='bbox 363 2545 460 2594; x_wconf 87' lang='lat' dir='ltr'>antem</span> <span class='ocrx_word' id='word_1_240' title='bbox 484 2538 666 2615; x_wconf 74' lang='lat' dir='ltr'>reipublicae</span> <span class='ocrx_word' id='word_1_241' title='bbox 690 2538 727 2596; x_wconf 92' lang='lat' dir='ltr'>sit</span> <span class='ocrx_word' id='word_1_242' title='bbox 751 2538 847 2605; x_wconf 90' lang='lat' dir='ltr'>hostis,</span> <span class='ocrx_word' id='word_1_243' title='bbox 870 2558 935 2596; x_wconf 88' lang='lat' dir='ltr'>cum</span> <span class='ocrx_word' id='word_1_244' title='bbox 960 2541 1048 2597; x_wconf 88' lang='lat' dir='ltr'>civem</span> <span class='ocrx_word' id='word_1_245' title='bbox 1073 2559 1135 2599; x_wconf 89' lang='lat' dir='ltr'>esse</span> 
     </span>
     <span class='ocr_line' id='line_1_30' title="bbox 185 2616 1134 2697; baseline 0.003 -25"><span class='ocrx_word' id='word_1_246' title='bbox 185 2616 366 2673; x_wconf 91' lang='lat' dir='ltr'>nullomodo</span> <span class='ocrx_word' id='word_1_247' title='bbox 381 2635 482 2692; x_wconf 88' lang='lat' dir='ltr'>posse:</span> <span class='ocrx_word' id='word_1_248' title='bbox 503 2617 623 2694; x_wconf 88' lang='lat' dir='ltr'>denique</span> <span class='ocrx_word' id='word_1_249' title='bbox 637 2617 731 2693; x_wconf 92' lang='lat' dir='ltr'>ipsum</span> <span class='ocrx_word' id='word_1_250' title='bbox 742 2618 861 2675; x_wconf 86' lang='lat' dir='ltr'>latorem</span> <span class='ocrx_word' id='word_1_251' title='bbox 875 2617 1050 2695; x_wconf 67' lang='lat' dir='ltr'>Semproniae</span> <span class='ocrx_word' id='word_1_252' title='bbox 1064 2619 1134 2697; x_wconf 84' lang='lat' dir='ltr'>legis</span> 
     </span>
     <span class='ocr_line' id='line_1_31' title="bbox 131 2693 1183 2777; baseline 0.008 -26"><span class='ocrx_word' id='word_1_253' title='bbox 131 2754 155 2777; x_wconf 46' lang='grc' dir='ltr'>Ι,</span> <span class='ocrx_word' id='word_1_254' title='bbox 188 2693 268 2755; x_wconf 84' lang='lat' dir='ltr'>‘ussu</span> <span class='ocrx_word' id='word_1_255' title='bbox 288 2695 388 2771; x_wconf 91' lang='lat' dir='ltr'>populi</span> <span class='ocrx_word' id='word_1_256' title='bbox 409 2714 508 2771; x_wconf 87' lang='lat' dir='ltr'>poenas</span> <span class='ocrx_word' id='word_1_257' title='bbox 526 2696 702 2773; x_wconf 85' lang='lat' dir='ltr'>reipublicae</span> <span class='ocrx_word' id='word_1_258' title='bbox 718 2696 893 2772; x_wconf 89' lang='lat' dir='ltr'>dependisse.</span> <span class='ocrx_word' id='word_1_259' title='bbox 936 2697 1016 2755; x_wconf 86' lang='lat' dir='ltr'>Idem</span> <span class='ocrx_word' id='word_1_260' title='bbox 1041 2700 1133 2776; x_wconf 84' lang='lat' dir='ltr'>ipsum</span> <span class='ocrx_word' id='word_1_261' title='bbox 1144 2706 1183 2761; x_wconf 75' lang='lat'>30</span> 
     </span>
     <span class='ocr_line' id='line_1_32' title="bbox 70 2714 1135 2853; baseline 0.006 -25"><span class='ocrx_word' id='word_1_262' title='bbox 70 2776 75 2781; x_wconf 85' lang='lat'>&#39;</span> <span class='ocrx_word' id='word_1_263' title='bbox 182 2714 349 2851; x_wconf 52' lang='lat' dir='ltr'>iffiitorem</span> <span class='ocrx_word' id='word_1_264' title='bbox 371 2774 524 2830; x_wconf 89' lang='lat' dir='ltr'>Lentulum</span> <span class='ocrx_word' id='word_1_265' title='bbox 546 2782 575 2833; x_wconf 87' lang='lat' dir='ltr'>et</span> <span class='ocrx_word' id='word_1_266' title='bbox 603 2775 753 2853; x_wconf 84' lang='lat' dir='ltr'>prodigum</span> <span class='ocrx_word' id='word_1_267' title='bbox 781 2794 837 2832; x_wconf 92' lang='lat' dir='ltr'>non</span> <span class='ocrx_word' id='word_1_268' title='bbox 865 2784 955 2853; x_wconf 89' lang='lat' dir='ltr'>putat,</span> <span class='ocrx_word' id='word_1_269' title='bbox 983 2797 1071 2853; x_wconf 91' lang='lat' dir='ltr'>quum</span> <span class='ocrx_word' id='word_1_270' title='bbox 1098 2776 1135 2834; x_wconf 92' lang='lat' dir='ltr'>de</span> 
     </span>
     <span class='ocr_line' id='line_1_33' title="bbox 3 2842 1134 2931; baseline 0.006 -24"><span class='ocrx_word' id='word_1_271' title='bbox 3 2842 5 2877; x_wconf 80' lang='lat'>²</span> <span class='ocrx_word' id='word_1_272' title='bbox 133 2850 137 2857; x_wconf 83' lang='lat'><em>&#39;</em></span> <span class='ocrx_word' id='word_1_273' title='bbox 185 2852 308 2928; x_wconf 87' lang='lat' dir='ltr'>pernicie</span> <span class='ocrx_word' id='word_1_274' title='bbox 335 2853 435 2930; x_wconf 92' lang='lat' dir='ltr'>populi</span> <span class='ocrx_word' id='word_1_275' title='bbox 462 2853 588 2921; x_wconf 81' lang='lat' dir='ltr'>Romani,</span> <span class='ocrx_word' id='word_1_276' title='bbox 617 2853 701 2925; x_wconf 65' lang='lat' dir='ltr'>esitio</span> <span class='ocrx_word' id='word_1_277' title='bbox 728 2854 815 2931; x_wconf 89' lang='lat' dir='ltr'>hujus</span> <span class='ocrx_word' id='word_1_278' title='bbox 842 2855 920 2912; x_wconf 91' lang='lat' dir='ltr'>urbis</span> <span class='ocrx_word' id='word_1_279' title='bbox 948 2863 1006 2912; x_wconf 85' lang='lat' dir='ltr'>tam</span> <span class='ocrx_word' id='word_1_280' title='bbox 1033 2856 1134 2914; x_wconf 86' lang='lat' dir='ltr'>acerbe</span> 
     </span>
     <span class='ocr_line' id='line_1_34' title="bbox 3 2886 1134 3024; baseline 0.005 -41"><span class='ocrx_word' id='word_1_281' title='bbox 3 2886 5 2983; x_wconf 87' lang='lat' dir='ltr'>l</span> <span class='ocrx_word' id='word_1_282' title='bbox 184 2937 303 3007; x_wconf 88' lang='lat' dir='ltr'>tamque</span> <span class='ocrx_word' id='word_1_283' title='bbox 324 2932 477 2990; x_wconf 87' lang='lat' dir='ltr'>crudeliter</span> <span class='ocrx_word' id='word_1_284' title='bbox 497 2932 635 3024; x_wconf 53' lang='lat' dir='ltr'>cogitarit,</span> <span class='ocrx_word' id='word_1_285' title='bbox 651 2933 736 2989; x_wconf 90' lang='lat' dir='ltr'>etiam</span> <span class='ocrx_word' id='word_1_286' title='bbox 756 2933 892 3011; x_wconf 85' lang='lat' dir='ltr'>appellari</span> <span class='ocrx_word' id='word_1_287' title='bbox 913 2953 995 3010; x_wconf 89' lang='lat' dir='ltr'>posse</span> <span class='ocrx_word' id='word_1_288' title='bbox 1016 2934 1134 3012; x_wconf 89' lang='lat' dir='ltr'>popula·</span> 
     </span>
     <span class='ocr_line' id='line_1_35' title="bbox 93 3011 1135 3088; baseline 0.006 -23"><span class='ocrx_word' id='word_1_289' title='bbox 93 3032 102 3035; x_wconf 52' lang='lat'><em>⁴</em></span> <span class='ocrx_word' id='word_1_290' title='bbox 147 3054 151 3061; x_wconf 77' lang='grc'><strong><em>,</em></strong></span> <span class='ocrx_word' id='word_1_291' title='bbox 183 3029 253 3068; x_wconf 88' lang='lat' dir='ltr'>rem.</span> <span class='ocrx_word' id='word_1_292' title='bbox 296 3011 399 3088; x_wconf 87' lang='lat' dir='ltr'>Itaque</span> <span class='ocrx_word' id='word_1_293' title='bbox 413 3011 498 3069; x_wconf 92' lang='lat' dir='ltr'>homo</span> <span class='ocrx_word' id='word_1_294' title='bbox 508 3012 669 3071; x_wconf 75' lang='lat' dir='ltr'>mitissimus</span> <span class='ocrx_word' id='word_1_295' title='bbox 683 3021 769 3088; x_wconf 84' lang='lat' dir='ltr'>atque</span> <span class='ocrx_word' id='word_1_296' title='bbox 783 3012 939 3088; x_wconf 74' lang='lat' dir='ltr'>lenissimus</span> <span class='ocrx_word' id='word_1_297' title='bbox 953 3032 1007 3069; x_wconf 92' lang='lat' dir='ltr'>non</span> <span class='ocrx_word' id='word_1_298' title='bbox 1021 3013 1135 3071; x_wconf 82' lang='lat' dir='ltr'>dubitat</span> 
     </span>
    </p>

    <p class='ocr_par' dir='ltr' id='par_1_11' title="bbox 85 3089 1182 3249">
     <span class='ocr_line' id='line_1_36' title="bbox 183 3089 1182 3167; baseline 0.006 -22"><span class='ocrx_word' id='word_1_299' title='bbox 183 3089 218 3145; x_wconf 95' lang='lat' dir='ltr'>P.</span> <span class='ocrx_word' id='word_1_300' title='bbox 233 3089 389 3146; x_wconf 87' lang='lat' dir='ltr'>Lentulum</span> <span class='ocrx_word' id='word_1_301' title='bbox 404 3090 514 3146; x_wconf 77' lang='lat' dir='ltr'>aeternis</span> <span class='ocrx_word' id='word_1_302' title='bbox 531 3090 651 3148; x_wconf 86' lang='lat' dir='ltr'>tenebris</span> <span class='ocrx_word' id='word_1_303' title='bbox 665 3090 838 3167; x_wconf 83' lang='lat' dir='ltr'>vinculisque</span> <span class='ocrx_word' id='word_1_304' title='bbox 853 3091 986 3153; x_wconf 88' lang='lat' dir='ltr'>mandare</span> <span class='ocrx_word' id='word_1_305' title='bbox 1003 3100 1032 3149; x_wconf 88' lang='lat' dir='ltr'>et</span> <span class='ocrx_word' id='word_1_306' title='bbox 1045 3093 1133 3150; x_wconf 88' lang='lat' dir='ltr'>sancit</span> <span class='ocrx_word' id='word_1_307' title='bbox 1143 3101 1182 3154; x_wconf 74' lang='lat'>35</span> 
     </span>
     <span class='ocr_line' id='line_1_37' title="bbox 85 3150 1134 3249; baseline 0.004 -25"><span class='ocrx_word' id='word_1_308' title='bbox 85 3186 100 3191; x_wconf 63' lang='grc'>·’</span> <span class='ocrx_word' id='word_1_309' title='bbox 182 3167 210 3225; x_wconf 90' lang='lat' dir='ltr'>in</span> <span class='ocrx_word' id='word_1_310' title='bbox 225 3150 393 3243; x_wconf 70' lang='lat' dir='ltr'>posterum(</span> <span class='ocrx_word' id='word_1_311' title='bbox 398 3186 432 3223; x_wconf 91' lang='lat' dir='ltr'>ne</span> <span class='ocrx_word' id='word_1_312' title='bbox 447 3168 509 3242; x_wconf 87' lang='lat' dir='ltr'>quis</span> <span class='ocrx_word' id='word_1_313' title='bbox 528 3169 614 3249; x_wconf 89' lang='lat' dir='ltr'>hujus</span> <span class='ocrx_word' id='word_1_314' title='bbox 629 3170 767 3246; x_wconf 90' lang='lat' dir='ltr'>supplicio</span> <span class='ocrx_word' id='word_1_315' title='bbox 788 3170 907 3249; x_wconf 81' lang='lat' dir='ltr'>levando</span> <span class='ocrx_word' id='word_1_316' title='bbox 927 3189 958 3226; x_wconf 88' lang='lat' dir='ltr'>se</span> <span class='ocrx_word' id='word_1_317' title='bbox 974 3170 1083 3247; x_wconf 89' lang='lat' dir='ltr'>jactare</span> <span class='ocrx_word' id='word_1_318' title='bbox 1104 3178 1134 3228; x_wconf 90' lang='lat' dir='ltr'>et</span> 
     </span>
    </p>

    <p class='ocr_par' dir='ltr' id='par_1_12' title="bbox 4 3244 1177 3483">
     <span class='ocr_line' id='line_1_38' title="bbox 4 3244 1177 3326; baseline 0.005 -26"><span class='ocrx_word' id='word_1_319' title='bbox 4 3276 5 3285; x_wconf 28' lang='grc' dir='ltr'><strong>κ</strong></span> <span class='ocrx_word' id='word_1_320' title='bbox 91 3263 105 3271; x_wconf 75' lang='grc'><em>’</em></span> <span class='ocrx_word' id='word_1_321' title='bbox 145 3294 149 3303; x_wconf 78' lang='grc'><strong><em>,</em></strong></span> <span class='ocrx_word' id='word_1_322' title='bbox 182 3244 358 3321; x_wconf 89' lang='lat' dir='ltr'>iupernicie</span> <span class='ocrx_word' id='word_1_323' title='bbox 380 3245 478 3321; x_wconf 90' lang='lat' dir='ltr'>populi</span> <span class='ocrx_word' id='word_1_324' title='bbox 499 3247 618 3303; x_wconf 87' lang='lat' dir='ltr'>Romani</span> <span class='ocrx_word' id='word_1_325' title='bbox 643 3249 762 3323; x_wconf 87' lang='lat' dir='ltr'>posthac</span> <span class='ocrx_word' id='word_1_326' title='bbox 786 3246 930 3325; x_wconf 76' lang='lat' dir='ltr'>populiiris</span> <span class='ocrx_word' id='word_1_327' title='bbox 954 3268 1015 3306; x_wconf 86' lang='lat' dir='ltr'>esse</span> <span class='ocrx_word' id='word_1_328' title='bbox 1036 3249 1132 3326; x_wconf 84' lang='lat' dir='ltr'>possit.</span> <span class='ocrx_word' id='word_1_329' title='bbox 1173 3286 1177 3291; x_wconf 69' lang='grc'><strong>«</strong></span> 
     </span>
     <span class='ocr_line' id='line_1_39' title="bbox 72 3323 1134 3402; baseline 0.003 -19"><span class='ocrx_word' id='word_1_330' title='bbox 72 3342 99 3383; x_wconf 70' lang='lat'>.‘</span> <span class='ocrx_word' id='word_1_331' title='bbox 148 3386 149 3389; x_wconf 44' lang='lat'>,</span> <span class='ocrx_word' id='word_1_332' title='bbox 182 3323 326 3402; x_wconf 69' lang='lat' dir='ltr'>Adiungit</span> <span class='ocrx_word' id='word_1_333' title='bbox 348 3324 435 3381; x_wconf 88' lang='lat' dir='ltr'>ctiam</span> <span class='ocrx_word' id='word_1_334' title='bbox 459 3326 677 3399; x_wconf 84' lang='lat' dir='ltr'>publicationem</span> <span class='ocrx_word' id='word_1_335' title='bbox 701 3328 846 3393; x_wconf 89' lang='lat' dir='ltr'>bonorum,</span> <span class='ocrx_word' id='word_1_336' title='bbox 870 3334 902 3383; x_wconf 88' lang='lat' dir='ltr'>ut</span> <span class='ocrx_word' id='word_1_337' title='bbox 929 3344 1025 3384; x_wconf 87' lang='lat' dir='ltr'>onmes</span> <span class='ocrx_word' id='word_1_338' title='bbox 1049 3328 1134 3386; x_wconf 90' lang='lat' dir='ltr'>animi</span> 
     </span>
     <span class='ocr_line' id='line_1_40' title="bbox 96 3402 1133 3483; baseline 0.005 -25"><span class='ocrx_word' id='word_1_339' title='bbox 96 3432 104 3437; x_wconf 91' lang='lat'>-</span> <span class='ocrx_word' id='word_1_340' title='bbox 128 3422 150 3469; x_wconf 78' lang='grc'>·,</span> <span class='ocrx_word' id='word_1_341' title='bbox 182 3402 323 3460; x_wconf 86' lang='lat' dir='ltr'>cruciatus</span> <span class='ocrx_word' id='word_1_342' title='bbox 337 3409 367 3460; x_wconf 88' lang='lat' dir='ltr'>et</span> <span class='ocrx_word' id='word_1_343' title='bbox 382 3403 508 3482; x_wconf 87' lang='lat' dir='ltr'>corporis</span> <span class='ocrx_word' id='word_1_344' title='bbox 522 3404 606 3460; x_wconf 91' lang='lat' dir='ltr'>etiam</span> <span class='ocrx_word' id='word_1_345' title='bbox 621 3417 734 3482; x_wconf 86' lang='lat' dir='ltr'>egestas</span> <span class='ocrx_word' id='word_1_346' title='bbox 747 3424 781 3463; x_wconf 91' lang='lat' dir='ltr'>ac</span> <span class='ocrx_word' id='word_1_347' title='bbox 794 3405 959 3463; x_wconf 84' lang='lat' dir='ltr'>mendicitas</span> <span class='ocrx_word' id='word_1_348' title='bbox 980 3425 1133 3483; x_wconf 88' lang='lat' dir='ltr'>consequa-</span> 
     </span>
    </p>

    <p class='ocr_par' dir='ltr' id='par_1_13' title="bbox 3 3487 1181 3546">
     <span class='ocr_line' id='line_1_41' title="bbox 3 3487 1181 3546; baseline 0.004 -7"><span class='ocrx_word' id='word_1_349' title='bbox 3 3488 5 3509; x_wconf 76' lang='lat'><em>³</em></span> <span class='ocrx_word' id='word_1_350' title='bbox 90 3522 95 3527; x_wconf 82' lang='grc'><strong>-</strong></span> <span class='ocrx_word' id='word_1_351' title='bbox 137 3534 141 3539; x_wconf 81' lang='grc'>,</span> <span class='ocrx_word' id='word_1_352' title='bbox 181 3487 234 3539; x_wconf 87' lang='lat' dir='ltr'>tur.</span> <span class='ocrx_word' id='word_1_353' title='bbox 1142 3492 1181 3546; x_wconf 84' lang='lat'>40</span> 
     </span>
    </p>

    <p class='ocr_par' dir='ltr' id='par_1_14' title="bbox 3 3556 1133 3911">
     <span class='ocr_line' id='line_1_42' title="bbox 3 3556 1133 3628; baseline 0.005 -12"><span class='ocrx_word' id='word_1_354' title='bbox 3 3572 4 3577; x_wconf 74' lang='grc'>’</span> <span class='ocrx_word' id='word_1_355' title='bbox 115 3570 119 3579; x_wconf 88' lang='grc'><strong>’</strong></span> <span class='ocrx_word' id='word_1_356' title='bbox 186 3556 275 3617; x_wconf 59' lang='grc'>’11.</span> <span class='ocrx_word' id='word_1_357' title='bbox 320 3567 366 3619; x_wconf 93' lang='lat'>11.</span> <span class='ocrx_word' id='word_1_358' title='bbox 390 3559 581 3628; x_wconf 74' lang='lat' dir='ltr'>Quamobrem</span> <span class='ocrx_word' id='word_1_359' title='bbox 595 3561 652 3619; x_wconf 83' lang='lat' dir='ltr'>sive</span> <span class='ocrx_word' id='word_1_360' title='bbox 666 3562 720 3619; x_wconf 91' lang='lat' dir='ltr'>hoc</span> <span class='ocrx_word' id='word_1_361' title='bbox 735 3562 896 3627; x_wconf 79' lang='lat' dir='ltr'>statueritis,</span> <span class='ocrx_word' id='word_1_362' title='bbox 912 3561 1044 3620; x_wconf 88' lang='lat' dir='ltr'>dederitis</span> <span class='ocrx_word' id='word_1_363' title='bbox 1065 3564 1133 3622; x_wconf 87' lang='lat' dir='ltr'>mihi</span> 
     </span>
     <span class='ocr_line' id='line_1_43' title="bbox 181 3639 1131 3718; baseline 0.004 -23"><span class='ocrx_word' id='word_1_364' title='bbox 181 3640 313 3696; x_wconf 88' lang='lat' dir='ltr'>comitem</span> <span class='ocrx_word' id='word_1_365' title='bbox 337 3639 376 3697; x_wconf 84' lang='lat' dir='ltr'>ad</span> <span class='ocrx_word' id='word_1_366' title='bbox 404 3639 567 3696; x_wconf 88' lang='lat' dir='ltr'>concionem</span> <span class='ocrx_word' id='word_1_367' title='bbox 594 3640 701 3717; x_wconf 89' lang='lat' dir='ltr'>populo</span> <span class='ocrx_word' id='word_1_368' title='bbox 725 3661 820 3698; x_wconf 83' lang='lat' dir='ltr'>carum</span> <span class='ocrx_word' id='word_1_369' title='bbox 844 3649 930 3717; x_wconf 85' lang='lat' dir='ltr'>atque</span> <span class='ocrx_word' id='word_1_370' title='bbox 954 3642 1131 3718; x_wconf 87' lang='lat' dir='ltr'>jucundum;</span> 
     </span>
     <span class='ocr_line' id='line_1_44' title="bbox 181 3716 1132 3797; baseline 0.005 -24"><span class='ocrx_word' id='word_1_371' title='bbox 181 3716 238 3776; x_wconf 84' lang='lat' dir='ltr'>sive</span> <span class='ocrx_word' id='word_1_372' title='bbox 259 3718 349 3776; x_wconf 83' lang='lat' dir='ltr'>Silani</span> <span class='ocrx_word' id='word_1_373' title='bbox 370 3717 538 3775; x_wconf 87' lang='lat' dir='ltr'>sententiam</span> <span class='ocrx_word' id='word_1_374' title='bbox 553 3719 631 3795; x_wconf 88' lang='lat' dir='ltr'>sequi</span> <span class='ocrx_word' id='word_1_375' title='bbox 653 3720 813 3787; x_wconf 72' lang='lat' dir='ltr'>malueritis</span> <span class='ocrx_word' id='word_1_376' title='bbox 828 3720 909 3778; x_wconf 85' lang='lat' dir='ltr'>facile</span> <span class='ocrx_word' id='word_1_377' title='bbox 924 3731 1067 3797; x_wconf 87' lang='lat' dir='ltr'>meatque</span> <span class='ocrx_word' id='word_1_378' title='bbox 1082 3741 1132 3778; x_wconf 89' lang='lat' dir='ltr'>vos</span> 
     </span>
     <span class='ocr_line' id='line_1_45' title="bbox 180 3796 1132 3911; baseline 0.003 -57"><span class='ocrx_word' id='word_1_379' title='bbox 180 3797 356 3857; x_wconf 83' lang='lat' dir='ltr'>crudelitatis</span> <span class='ocrx_word' id='word_1_380' title='bbox 369 3796 577 3874; x_wconf 84' lang='lat' dir='ltr'>vituperatione</span> <span class='ocrx_word' id='word_1_381' title='bbox 599 3799 706 3911; x_wconf 66' lang='lat' dir='ltr'>popplo</span> <span class='ocrx_word' id='word_1_382' title='bbox 728 3796 857 3856; x_wconf 80' lang='lat' dir='ltr'>Romano</span> <span class='ocrx_word' id='word_1_383' title='bbox 877 3799 1026 3857; x_wconf 80' lang='lat' dir='ltr'>exsolvetis</span> <span class='ocrx_word' id='word_1_384' title='bbox 1045 3806 1132 3876; x_wconf 90' lang='lat' dir='ltr'>atque</span> 
     </span>
    </p>
   </div>
   <div class='ocr_carea' id='block_1_4' title="bbox 0 0 1376 4384">
    <p class='ocr_par' dir='ltr' id='par_1_15' title="bbox 0 0 1376 4384">
     <span class='ocr_line' id='line_1_46' title="bbox 0 0 1376 4384; baseline 0 2"><span class='ocrx_word' id='word_1_385' title='bbox 0 0 1376 4384; x_wconf 95' lang='lat' dir='ltr'> </span> 
     </span>
    </p>
   </div>
  </div>
 </body>
</html>
