2742 4384
594 760 688 820 PRO

208 929 280 1042 A.
340 929 683 1045 monnio
735 852 1152 1121 neonus<
1252 924 1256 929 ’

545 1167 736 1232 Penni

466 1357 810 1449 ORATlo

465 1630 805 1644 m

198 1824 222 1882 Ι.
266 1831 292 1884 1.
316 1825 443 1902 Siquid
468 1833 512 1882 est
533 1825 621 1883 inme
640 1825 753 1904 ingenii,
775 1825 895 1917 judiees,
920 1827 998 1904 quod
1022 1829 1112 1887 sentio

159 1922 244 1980 quam
259 1904 297 1960 sit
311 1904 456 1981 exiguum,
472 1911 522 1961 aut
534 1904 558 1961 si
570 1923 627 1981 qua
641 1906 803 1962 exercitatio
816 1904 937 1972 dicendi,
952 1905 980 1963 in
994 1925 1051 1983 qna
1064 1926 1110 1965 me

159 2000 215 2038 non
233 1981 340 2039 infitior
359 1982 537 2039 mediocriter
557 2000 619 2039 esse
638 1991 791 2049 versatum,
806 1991 857 2040 aut
879 1983 903 2040 si
926 1983 1047 2060 hujusce
1070 1985 1110 2043 rei

158 2061 229 2118 ratio
243 2061 340 2137 aliqua
360 2060 397 2118 ab
411 2060 582 2137 optimarum
595 2060 699 2118 artium
713 2061 813 2119 studiis
826 2080 860 2118 ao
874 2061 1021 2140 disciplina
1042 2083 1107 2141 pro·

158 2138 242 2206 ferta,
268 2157 287 2194 a
310 2157 368 2216 qua
390 2157 446 2216 ego
473 2139 582 2196 nullum
609 2140 745 2197 confiteor
771 2140 865 2197 aetatis
890 2158 964 2199 meae
993 2151 1106 2218 tempus
1138 2147 1156 2199 t

159 2217 356 2275 abhorruisse:
387 2235 487 2274 earum
509 2236 604 2274 rerum
627 2218 753 2275 omnium
773 2218 819 2275 vel
842 2218 870 2275 in
890 2219 987 2295 primis
1007 2220 1053 2277 hio
1067 2220 1105 2278 A.

158 2295 282 2353 Licinius
295 2295 421 2353 fructum
435 2314 453 2353 a
466 2314 513 2353 me
525 2304 654 2372 repetere
669 2314 758 2373 prope
772 2314 824 2353 suo
835 2295 899 2373 jure
913 2297 1007 2355 debet.
1030 2298 1106 2355 Nam

158 2374 254 2451 quoad
274 2374 439 2451 longissime
460 2380 556 2451 potest
568 2393 649 2431 mens
662 2392 727 2431 mea
739 2374 878 2451 respicere
892 2376 1016 2451 spatium
1031 2394 1105 2453 pree-

157 2453 233 2511 teriti
254 2453 390 2529 temporis
410 2460 440 2511 et
464 2453 592 2530 pueritiae
613 2453 778 2510 memoriam
801 2452 943 2511 reeordari
966 2454 1104 2522 ultimam,

158 2531 224 2588 inde
237 2549 331 2607 usque
343 2538 476 2607 repetens
490 2531 565 2588 huno
578 2531 662 2588 rideo
674 2531 744 2587 mihi
758 2530 913 2608 prinoipem
924 2538 954 2589 et
966 2532 1003 2589 ed
1018 2533 1103 2590 susci·
1117 2535 1154 2589 lo

159 2609 293 2686 piendam
314 2616 344 2666 et
366 2610 403 2667 ed
427 2609 640 2687 ingrediendam
663 2610 802 2667 rationem
825 2609 926 2667 horum
946 2610 1104 2669 studiorum

159 2689 308 2745 exstitisse.
350 2688 459 2756 Quodsi
481 2688 546 2746 haeo
565 2706 622 2745 vox
645 2688 733 2765 hujus
756 2688 872 2746 hortatu
895 2707 991 2765 praeoe
1013 2689 1104 2766 tisque

159 2767 336 2823 conformata
354 2765 496 2824 nonnullis
509 2766 660 2842 aliquando
673 2765 758 2823 saluti
777 2765 846 2832 tuin
866 2784 885 2823 a
897 2785 955 2842 quo
974 2708 1011 2824 id
1024 2786 1104 2826 acoe-

159 2844 260 2921 pimns,
276 2863 334 2921 quo
348 2846 448 2902 ceteris
462 2845 594 2923 opitulari
607 2851 637 2902 et
656 2845 725 2901 alios
739 2862 850 2901 servare
867 2864 1023 2922 possemus,
1038 2846 1104 2903 huie

158 2923 288 2999 proiecto
309 2923 371 2998 ipsi,
385 2930 525 3000 quantum
538 2931 583 2979 est
594 2923 680 2980 situm
700 2923 729 2981 in
741 2922 832 2990 nobis,
845 2929 876 2979 et
888 2942 973 3001 opem
987 2932 1017 2981 et
1030 2924 1102 2982 salu-
1116 2927 1152 2981 15

157 3008 216 3058 tem
239 3001 315 3058 serre
339 3002 485 3060 debemus.
528 3007 554 3058 2.
575 3002 621 3058 Ao
641 3019 677 3059 ne
697 3001 760 3078 quis
780 3019 798 3057 a
817 3001 898 3059 nobis
918 3003 972 3060 hoo
995 3002 1035 3059 ita
1048 3003 1104 3060 diei

157 3079 231 3137 sorte
244 3081 371 3146 miretur,
386 3080 466 3157 quod
485 3079 540 3136 alia
553 3079 688 3156 quaedem
701 3080 729 3136 in
742 3080 797 3137 hoo
810 3080 931 3138 facultas
945 3081 981 3137 sit
999 3080 1105 3157 ingenii

157 3176 249 3235 neque
262 3159 329 3219 haeo
342 3158 455 3216 dioendi
466 3158 539 3215 ratio
552 3165 602 3215 aut
615 3157 770 3235 disoiplina‚
785 3177 821 3216 ne
836 3177 889 3216 nos
908 3158 1024 3235 quidem
1038 3158 1103 3217 huie

158 3238 206 3293 uni
225 3236 322 3295 studio
345 3237 459 3314 penitus
472 3255 598 3313 unquam
619 3236 707 3295 dediti
726 3236 839 3295 fuimus.
880 3236 993 3294 Etenim
1006 3255 1103 3294 omnes

108 3372 112 3383 ..
159 3321 242 3382 artes,
270 3334 337 3392 quae
362 3316 400 3373 ad
423 3315 631 3373 humanitatem
654 3314 803 3392 pertinent,
827 3315 936 3373 habent
957 3315 1103 3392 quoddam
1114 3319 1152 3373 20

106 3390 113 3397 ’
158 3411 309 3451 commune
322 3394 467 3452 vinculum
486 3400 517 3452 et
535 3393 616 3470 quasi
639 3393 808 3472 cognatione
828 3392 954 3471 quadam
976 3393 1050 3451 inter
1072 3412 1103 3452 se

159 3472 344 3531 eontinentur.

197 3549 238 3607 11.
281 3555 308 3606 3.
330 3550 389 3607 Sed
409 3569 446 3607 ne
460 3551 506 3608 eni
525 3556 652 3608 vestrum
665 3550 769 3608 mirum
788 3568 850 3608 esse
863 3549 994 3608 videatur
1008 3568 1056 3607 me
1075 3548 1104 3607 in

161 3628 317 3704 quaestione
327 3628 465 3706 -legitima
478 3637 508 3686 et
526 3628 556 3685 in
573 3628 681 3706 judioio
695 3628 818 3706 publico,
832 3647 922 3706 quum
941 3647 987 3686 res
1000 3635 1104 3705 agatur

161 3705 236 3781 apud
251 3712 405 3784 praetorem
419 3707 518 3783 populi
531 3707 660 3775 Romani,
671 3705 858 3764 rectissimum
868 3706 968 3774 virum,
983 3711 1013 3763 et
1025 3704 1104 3781 apud
1115 3709 1152 3764 25
1168 3764 1171 3768 .

162 3784 349 3844 severissimos
360 3784 473 3862 judiees
485 3792 566 3844 tento
576 3792 718 3845 conventu
730 3785 877 3844 hominum
890 3801 923 3842 ae
936 3781 1104 3861 frequentia,
