2742 4384
23 1758 31 1765 ’
75 1760 105 1807 4

312 230 967 331 ..sslcnvyuweitmmmw
1069 222 1159 297 --tt

153 376 215 431 ret:
236 387 327 447 quum
340 386 430 435 erms,
444 386 534 445 quum
546 386 669 436 muer,
683 387 772 446 quum
793 369 893 437 sesses,
907 386 998 446 quum
1015 368 1109 440 tubos,

154 469 244 528 quum
267 447 351 527 signs
373 446 511 515 militarie,
527 466 617 524 quum
637 447 763 525 equilum
785 447 861 505 illem
877 450 1109 526 ngenesmsui

153 529 200 587 ille
213 527 301 586 etiam
314 525 470 585 socrsrium
483 526 622 584 scelerum
635 527 714 585 domi
728 545 789 585 suse
802 527 917 593 feceret,
931 526 1033 585 scirem
1046 546 1109 589 esse

154 607 340 687 praemmssm.
386 612 432 664 14.
454 606 490 663 In
502 605 630 663 exsilium
643 605 802 684 ejiciebsm,
816 623 901 683 quem
924 605 980 663 ‘um
1001 607 1107 687 ingres·

93 692 129 779 ‚22
142 695 218 755 isim
232 705 295 744 esse
309 685 338 742 in
359 684 467 743 bellum
481 684 635 743 videbam?
676 684 797 752 Etenim,
812 625 1035 751 creduilsllius
1055 688 1152 749 nutv

81 762 112 831 i·
126 765 289 846 ltcenturio,
303 763 641 854 quiinsgrcFoesuleno
654 774 748 821 cestre
761 763 865 842 posuit,
880 763 986 822 bellum
999 766 1108 844 populo

37 890 47 907 ,
82 818 98 903 l
128 842 607 911 „Romanosuonomrneindixim
627 850 657 900 et
675 842 919 901 ilhcmuenuuc
933 860 989 900 non
1009 844 1106 903 (lculi-

104 934 109 951 ‘
129 942 220 1001 ,num
233 923 338 981 ducem
351 930 519 999 exspectent
538 930 569 980 et
587 921 634 979 ille
648 921 759 999 ejectus
771 921 799 979 in
814 921 942 980 exsilium
956 940 987 980 se
1006 923 1106 983 Messi·

151 1002 229 1070 lium
245 1012 278 1060 ut
291 1001 379 1068 aiunt,
393 1019 450 1057 non
463 1001 491 1058 in
505 1002 568 1060 haec
580 1009 675 1058 cestre
688 1001 822 1059 conferet

72 1150 78 1157 ¹
111 1060 147 1175 l}
170 1080 174 1085 ’
192 1078 265 1139 VII
287 1080 313 1137 Ο
327 1079 517 1138 conditionem
530 1080 671 1145 miserem,
685 1098 743 1137 nou
762 1079 849 1137 modo
863 1079 1104 1151 administrandae,
1117 1086 1200 1141 10*-

44 1218 46 1221 ,
71 1162 253 1239 „merum
266 1159 352 1218 etiem
365 1159 567 1218 conservandae
582 1158 622 1216 rei
647 1158 786 1237 publicus!
826 1157 959 1226 Nunc,si
979 1159 1011 1217 L.
1028 1161 1104 1219 Osti-

79 1252 85 1259 ·
99 1244 113 1287 Ἀ
139 1239 208 1301 ¹hus
220 1238 343 1313 consiliis
356 1238 502 1296 laboribus
515 1238 647 1315 periculis
660 1237 730 1296 mels
744 1237 946 1296 circumclusus
960 1257 994 1297 sc
1007 1238 1105 1301 debili·

147 1326 231 1405 iatius
250 1317 345 1377 subito
369 1317 562 1394 pertimuerit,
574 1316 743 1375 sententium
764 1316 928 1407 mutaverit,
949 1316 1107 1378 deseruerit

99 1412 106 1433 ’
122 1398 130 1497 ³
150 1472 486 1536 ι
500 1395 1105 1554 ,mu
1117 1483 1176 1539 ,ιι

149 1576 207 1614 non
220 1556 267 1613 ille
281 1574 300 1612 e
309 1572 355 1612 me
369 1553 508 1631 spoliatus
519 1554 606 1612 ermis
619 1482 757 1620 oridsciae,
768 1571 826 1611 non
838 1554 1058 1632 obstupefactus
1072 1521 1106 1615 sc

151 1634 319 1714 perterritus
338 1651 404 1690 mee
417 1632 570 1711 diligentis,
584 1648 641 1691 nou
655 1633 692 1691 de
705 1651 757 1710 spe
771 1640 931 1710 conatuque
955 1634 992 1692 de
1016 1634 1105 1703 ulsus,

150 1714 202 1772 sed
215 1714 408 1779 indemnatus,
422 1712 564 1779 innocens,
579 1712 607 1770 in
621 1711 750 1769 exsilium
760 1711 893 1789 ejectuss
906 1730 974 1771 cons
1004 1732 1022 1770 e
1036 1714 1063 1771 ri
1076 1723 1106 1773 et

72 1798 142 1851 w
151 1793 234 1852 minis
248 1811 312 1859 esse
325 1791 452 1860 dicetur:
474 1797 504 1847 et
523 1799 615 1867 erunt,
629 1791 678 1867 qui
699 1790 787 1857 illum,
806 1790 831 1848 si
850 1792 905 1849 hoc
926 1791 1034 1859 iecerit,
1048 1811 1106 1851 non

150 1872 189 1930 im
210 1872 323 1938 rehum,
339 1870 392 1928 sed
406 1869 549 1943 miserum,
563 1888 609 1928 me
623 1889 679 1928 non
693 1868 939 1948 diligentissimum
952 1869 1104 1937 consulem,
1116 1877 1155 1931 20

104 1970 138 2041 gg,
189 2015 194 2023 ,
225 1948 452 2008 crudelissimum
477 1954 628 2025 tyrannum
646 1948 800 2006 existimari
827 1947 921 2005 velint
978 1952 1024 2008 15.
1054 1948 1121 2008 Fst'

151 2030 220 2087 mihi
234 2028 314 2096 tenti,
330 2027 461 2097 Quirites,
476 2028 563 2106 hujus
576 2027 688 2085 invidiae
707 2026 788 2085 fulsae
803 2033 890 2104 etque
910 2026 1013 2104 iniquus
1032 2036 1105 2086 tem·

152 2116 295 2186 pestatem
309 2106 412 2173 subire,
427 2105 584 2171 dummodo
597 2125 614 2163 a
628 2106 708 2185 uobis
728 2106 815 2185 hujus
832 2105 971 2181 horribilis
992 2106 1058 2165 belli
1071 2125 1106 2166 se

151 2186 251 2245 nefarii
272 2186 429 2263 periculum
450 2185 619 2263 depellatur.
636 2224 640 2233 ⁴
660 2184 783 2242 Dicetur
801 2185 992 2277 saneyejectus
1005 2204 1068 2244 esse
1088 2205 1107 2244 e

152 2285 210 2332 me,
226 2264 381 2323 dummodo
396 2272 443 2339 eut
462 2264 492 2321 in
512 2263 648 2323 exsilium.
690 2263 749 2321 Sed
773 2263 842 2320 mihi
856 2250 971 2330 credite,
985 2283 1042 2322 non
1062 2272 1155 2329 estus

86 2366 132 2409 ,ev
151 2336 255 2403 iturus.
296 2344 325 2400 N
383 2334 450 2400 uum
464 2361 545 2420 egos
558 2342 613 2400 diis
625 2340 916 2421 immortalibushpte
955 2342 1106 2412 ,Quirites

73 2416 114 2493 ’ἓξ
151 2423 268 2482 invidiee
281 2440 354 2480 meae
379 2422 498 2479 evendae
512 2440 607 2488 causa,
621 2426 655 2478 ut
668 2420 701 2479 L.
718 2420 869 2478 Cetihnnm
905 2440 988 2479 ucere
1002 2423 1106 2481 exerci-

94 2484 137 2579 h?
152 2488 216 2561 cuni
242 2485 521 2577 hostiumsth'ue‘in
535 2500 620 2573 arms
638 2500 757 2558 vocure
777 2499 915 2568 aunam
936 2500 987 2559 sed
1012 2501 1107 2559 triduo

87 2550 122 2651 if
152 2589 251 2639 temen
265 2579 401 2637 audietis:
422 2581 569 2657 multoque
583 2579 673 2657 magis
687 2579 756 2637 illud
776 2578 870 2646 timeo,
885 2598 921 2637 ne
934 2579 1002 2637 mihi
1015 2580 1052 2638 sit
1065 2582 1105 2639 in·

153 2660 294 2718 vidiosum
322 2657 482 2736 aliquando,
511 2657 587 2736 quod
615 2658 695 2715 illum
722 2658 861 2716 emiserim
889 2659 991 2736 potius,
1020 2658 1106 2736 quam
1117 2668 1157 2722 30

153 2739 233 2816 quod
255 2737 395 2814 ejecerim.
437 2736 496 2795 Sed
515 2757 604 2813 quum
618 2737 674 2795 sint
694 2736 830 2803 homiues,
847 2738 896 2814 qui
916 2738 1003 2803 illum,
1018 2757 1106 2815 quum

154 2818 301 2894 profectus
310 2816 356 2883 sit,
371 2815 495 2893 ejectum
510 2834 571 2873 esse
585 2816 690 2889 dicunt,
705 2815 798 2882 iidem,
813 2816 835 2873 si
846 2816 1010 2874 interfectus
1021 2825 1106 2885 esset,

153 2896 224 2973 quid
237 2895 399 2969 dicerent‘l,
429 2900 474 2952 16.
496 2894 677 2973 Quemquam
701 2894 754 2961 isti,
768 2894 818 2971 qui
836 2895 986 2953 Catilinam
1009 2895 1108 2953 Messi·

153 2975 220 3032 liam
240 2974 281 3032 ire
301 2972 442 3041 dictitant,
457 2992 514 3031 non
527 2981 585 3049 tem
606 2974 660 3031 hoe
678 2982 847 3050 queruntur,
865 2993 951 3052 quem
966 2983 1107 3033 verentur.

153 3054 250 3111 Nemo
269 3059 314 3111 est
327 3052 447 3110 istorum
460 3059 520 3110 tem
533 3042 698 3119 misericois‘,
710 3052 757 3129 qui
769 3052 848 3110 illum
857 3072 914 3111 non
927 3052 965 3111 ud
980 3053 1107 3111 Mallium
1119 3065 1170 3120 35·

153 3151 242 3209 qnam
255 3132 294 3190 ed
318 3130 508 3188 Massilienses
524 3131 563 3189 ire
583 3131 670 3189 malit,
712 3132 765 3191 Ille
779 3132 923 3199 sutemsi
946 3133 1107 3191 mehercule

123 3212 218 3279 *hoc
234 3211 319 3289 quod·
334 3209 404 3289 ogit,
418 3228 563 3285 nunquam
576 3218 642 3268 ente
655 3210 818 3288 cogitasset,
833 3219 928 3269 temen
942 3212 1108 3269 latrocinan-

153 3296 213 3348 tem
227 3309 260 3348 se
278 3289 400 3359 interfici
422 3288 520 3346 mallet
539 3308 624 3377 quem
645 3289 772 3346 exsulem
786 3288 887 3348 vivere.
928 3290 1013 3347 Nunc
1032 3309 1108 3359 vero,
1129 3294 1132 3301 “

153 3388 244 3447 quum
269 3368 295 3427 ei
319 3368 389 3426 nihil
410 3368 505 3425 adhuc
526 3377 631 3446 praeter
653 3366 743 3445 ipsius
763 3367 939 3427 voluntatem
963 3369 1108 3447 cogitatio

152 3467 278 3526 nemque
293 3446 437 3515 acciderit,
452 3447 505 3504 nisi
517 3446 596 3524 quod
611 3446 680 3504 vivis
694 3446 776 3505 nobis
791 3448 883 3505 Romu
897 3448 1042 3525 profectus
1055 3456 1109 3515 est,
1120 3459 1173 3514 4ο·

153 3534 288 3605 optemus
302 3526 409 3606 potius,
424 3532 458 3584 ut
471 3533 519 3584 eet
531 3526 559 3584 in
573 3525 710 3592 exsilium,
725 3545 812 3603 quam
826 3546 985 3604 queramur.
1176 3562 1180 3567 ,

193 3605 280 3665 VIII.
310 3606 372 3664 ⁴ll.
395 3605 454 3662 Sed
477 3623 528 3662 eur
547 3605 657 3662 tamdiu
681 3605 718 3662 de
737 3625 794 3663 uno
814 3606 896 3663 hoste
915 3606 1067 3684 loquimur,
1081 3611 1112 3664 et

105 3676 113 3702 ¹
135 3672 141 3695 ¹
155 3684 194 3743 de
207 3705 243 3743 ec
261 3685 357 3752 hoste,
373 3684 422 3761 qui
433 3685 494 3761 jum
508 3684 614 3742 fatetur
627 3702 658 3745 se
672 3686 734 3741 ess'e
748 3684 869 3751 hostem,
884 3691 915 3742 et
927 3704 1021 3762 quem,
1036 3685 1110 3761 quis,

152 3765 234 3843 quod
253 3783 370 3844 semper
384 3763 470 3833 volui,
484 3782 584 3821 murus
602 3763 728 3831 interest,
741 3783 799 3822 non
819 3763 924 3822 timeo:
946 3764 982 3823 de
996 3764 1048 3832 his,
1063 3763 1113 3841 qui

101 3574 138 3615 tt

747 3960 800 3999 ,ue
817 3956 892 3988 ψ’
919 3954 943 3985 1³
974 3938 1002 3983 ’ὅ
1026 3968 1038 3981 e
