2742 4384
1162 106 1174 135 N

421 319 550 358 oaanron
564 317 622 356 roa
635 318 692 354 nnn
706 316 781 354 noar
795 314 933 353 sacaria.
1114 301 1170 352 363

172 450 280 507 Plautus,
291 465 317 497 so
328 449 382 497 that
399 450 529 509 it'appears
545 454 569 495 to
580 447 644 493 have
655 445 771 508 belonged
782 450 807 492 to
819 444 922 491 familiar
932 401 1173 524 conversationqffi

172 528 263 575 instead
276 529 302 574 of
310 534 335 574 to
347 542 362 574 a
373 541 439 573 more
451 524 559 572 elevated
571 524 639 585 style.
673 523 699 569 S.

206 607 261 653 23·
280 602 479 651 Pervenirent.
506 601 561 648 The
570 600 686 648 so·callsd
696 600 850 660 Comparatio
858 597 1041 658 compendiaria.
1064 595 1124 643 Om-

171 699 215 731 nes
226 684 291 730 enim
303 681 422 729 auditores
433 680 494 726 illico
505 678 670 740 intelligebant
681 678 829 724 sententiam
846 676 910 722 hanc
922 690 987 721 esse:
1004 679 1019 702 “
1029 674 1125 720 Archias

172 760 281 808 carmina
292 759 429 806 accuratius
440 757 562 803 elaborata
578 755 751 816 perveniebant
762 753 794 801 ad
806 753 902 799 landem
914 753 1049 799 cuminum
1058 768 1073 798 a
1084 766 1125 798 ve·

172 837 261 883 teribus
272 835 347 896 poetis
358 834 548 895 compositorum.
582 831 747 893 Stiirenburg:
763 830 910 893 perveniret.

207 914 263 960 28·
282 910 380 957 Inflarl
393 929 423 951 =
434 906 696 964 {resisteretis-Sao
701 908 762 968 jure
774 925 803 946 =
819 912 836 934 “
844 903 967 966 wilhsull
977 904 1070 968 rigdl.”

208 990 263 1036 29·
284 987 402 1043 Ennius,
414 1001 430 1033 a
440 986 522 1033 native
533 985 560 1031 oi
574 983 659 1032 Rndlae
671 984 696 1030 in
707 983 828 1038 Calabria,
839 982 966 1030 flourished
978 983 1002 1030 in
1014 984 1055 1030 the
1067 985 1126 1030 time

175 1067 202 1113 of
216 1067 257 1113 the
269 1064 356 1111 mcond
372 1063 448 1110 Panic
459 1076 519 1117 war,
531 1063 556 1109 in
568 1061 649 1109 which
666 1062 698 1108 he
709 1060 793 1107 served
814 1075 840 1106 as
857 1075 872 1107 a
889 1061 1022 1115 centurion,
1040 1061 1088 1107 and
1103 1061 1130 1107 oi

173 1144 255 1191 which
266 1141 430 1202 becomposed
441 1139 564 1201 apostical
576 1139 673 1200 history.
702 1136 743 1185 He
755 1138 805 1185 also
814 1144 888 1185 wrote
900 1136 1027 1200 tragedias,
1036 1138 1126 1199 satyrio

174 1221 280 1275 dromas,
297 1219 345 1266 and
365 1233 381 1265 a
401 1218 487 1279 eulogy
499 1232 530 1263 on
549 1217 590 1263 the
608 1215 673 1262 elder
694 1215 774 1275 Scipio
791 1215 936 1274 Africanum
953 1215 1044 1262 bntwe
1063 1215 1127 1262 have

174 1300 231 1360 only
243 1298 375 1359 fragments
386 1295 414 1342 ol
421 1295 459 1341 his
470 1293 554 1341 worhs
588 1291 628 1339 He
640 1292 703 1347 died,
715 1307 737 1339 s.
750 1307 772 1340 u.
785 1306 806 1338 c.
819 1292 874 1338 585.

208 1376 263 1419 30.
283 1375 361 1420 Dona
380 1372 462 1427 atque
479 1380 604 1415 munere.
644 1373 660 1397 “
671 1368 770 1416 Danum
787 1384 802 1415 a
818 1367 945 1416 voluntate
961 1369 1127 1430 potiusquam

175 1452 205 1498 ab
225 1450 303 1497 officio
319 1449 451 1511 proficisci3
467 1461 559 1495 manas
574 1446 632 1494 cain
649 1446 727 1508 aliquo
738 1443 816 1504 afficio
832 1445 989 1507 conjunctum
1000 1461 1052 1493 esse
1063 1446 1128 1493 vido·

174 1527 235 1575 tur.”
270 1525 403 1573 Manutius.
435 1524 474 1572 Cl.
487 1523 550 1571 Ded.

209 1607 265 1651 31.
284 1601 453 1649 videantur.
487 1601 514 1647 Z.
526 1601 583 1648 551.

210 1682 266 1727 33.
284 1680 358 1724 Saxa
375 1678 403 1723 et
419 1676 582 1724 solitudlnes
598 1677 660 1723 vect
677 1675 851 1733 respondent,
868 1675 916 1723 &a
950 1675 1054 1724 Nauck:
1072 1692 1127 1723 soce

175 1755 328 1819 respondeat.
362 1753 461 1810 Quinct
473 1753 497 1808 9,
512 1755 537 1808 4,
549 1755 590 1809 44,
601 1769 658 1815 says
677 1754 705 1800 ol
720 1754 767 1801 this
786 1768 899 1816 passage:
923 1752 1034 1815 “Magis
1045 1754 1128 1800 iasar·

178 1832 263 1896 gebat,
279 1834 301 1879 si
318 1837 470 1884 carteretarr
494 1845 551 1877 nam
560 1831 621 1893 plus
632 1839 669 1878 est
687 1846 758 1886 sara,
771 1846 844 1893 qaam
861 1829 952 1877 bestias
969 1832 1127 1885 sarnmooeri;

177 1912 237 1958 aicit
257 1917 338 1957 tamea
350 1909 531 1970 compositionis
547 1907 651 1962 decor;'’
672 1923 688 1955 a
703 1914 800 1971 strange
811 1909 905 1969 opinion
925 1912 962 1968 (as
979 1907 1129 1972 Stiirenburg

179 1986 307 2045 remarks),
319 1988 361 2034 the
373 1986 512 2048 ro-echoing
523 1986 550 2031 ol
563 1986 603 2032 the
615 1985 685 2033 rocks
697 1987 767 2048 being
784 2001 799 2031 a
810 1984 912 2032 natarat
924 1984 981 2041 law,
994 1986 1086 2040 which,
1097 1986 1129 2032 he

179 2065 334 2125 irreverently
346 2063 412 2117 adds,
424 2063 502 2110 would
515 2061 572 2109 take
585 2061 664 2118 effect,
676 2064 697 2110 if
704 2062 746 2110 tbe
758 2064 823 2109 ocios
836 2077 900 2109 were
911 2062 953 2109 the
965 2063 1068 2124 braying
1078 2064 1106 2108 ol
1114 2077 1129 2109 a

178 2142 280 2204 donkey.
314 2140 370 2188 The
381 2142 431 2187 lact
449 2140 475 2195 is,
487 2140 541 2186 that
552 2141 569 2186 it
580 2141 599 2187 is
611 2156 626 2186 a
636 2155 694 2201 poor
709 2141 776 2200 piece
787 2140 814 2186 ol
828 2145 950 2201 trumpery
962 2139 1128 2186 declamationi.

178 2220 218 2267 Cf.
233 2218 301 2266 Verr.
313 2219 337 2273 5,
350 2214 389 2273 67,
402 2219 447 2264 in:
465 2216 497 2264 Si·
514 2217 566 2265 ltoec
578 2232 626 2264 aaa
643 2216 676 2266 ad
693 2219 759 2264 aives
775 2216 907 2273 Romanos,
918 2233 966 2264 aaa
983 2216 1016 2263 ad
1033 2218 1129 2279 aliquas

177 2298 268 2343 amicos
279 2301 368 2343 nostra
382 2296 501 2350 civitatis,
510 2309 558 2341 aaa
569 2293 603 2342 ad
614 2308 662 2350 eas,
674 2296 718 2356 qai
726 2295 815 2357 papali
827 2293 934 2341 Romani
945 2310 1030 2341 nomes
1042 2294 1128 2342 audis·

176 2379 240 2429 sent,
255 2372 358 2435 denique
369 2372 393 2419 si
403 2387 452 2419 noa
463 2369 497 2418 ad
509 2371 624 2427 homines,
635 2385 720 2417 aeram
732 2370 765 2417 ad
777 2370 876 2427 bestias,
888 2378 932 2418 aat
945 2373 1028 2426 etiam,
1038 2378 1065 2418 at
1077 2372 1129 2418 laa-

177 2452 238 2512 gins
245 2448 402 2513 progrediar,
413 2451 436 2496 si
451 2450 477 2496 ia
487 2449 575 2511 aliqua
587 2447 755 2495 desertissima
772 2446 905 2496 solitudine
924 2446 958 2495 ad
975 2463 1038 2494 saaa
1055 2454 1080 2495 et
1096 2447 1130 2495 ad

178 2527 290 2590 scapulas
303 2525 355 2574 hac
366 2528 480 2588 conqueri
496 2533 519 2573 et
532 2525 659 2588 deplorare
678 2524 774 2580 sellem,
786 2531 866 2572 tamea
878 2526 958 2572 omnia
974 2530 1044 2571 mata
1056 2532 1129 2587 atque

180 2604 289 2651 inanima
302 2609 373 2650 taata
385 2610 409 2650 et
427 2610 477 2650 tam
488 2601 595 2665 indigna
605 2617 689 2649 reram
700 2603 830 2649 atrocitate
842 2609 1054 2649 commoverentur.

212 2682 268 2727 34.
286 2681 390 2726 Bestiae
407 2690 477 2736 saepe
493 2681 638 2726 mmanea·
673 2684 690 2709 ‘³
699 2678 724 2726 Si
736 2681 788 2740 quis
800 2679 872 2741 [haec]
885 2685 977 2726 attente
988 2679 1129 2736 consideret,

179 2757 266 2805 videbit
282 2758 346 2803 nullo
358 2757 427 2804 modo
438 2758 517 2805 referri
537 2771 605 2817 posse
617 2757 647 2804 ad
665 2756 756 2818 Orphei
768 2764 792 2805 et
811 2757 906 2804 Arionis
924 2757 1045 2804 fabulam:
1068 2758 1130 2819 quod

179 2840 262 2882 tamen
274 2834 366 2880 erudito
377 2834 476 2889 homini,
488 2832 564 2881 Paulo
581 2833 702 2889 Manutio,
713 2835 792 2882 rhum
803 2841 846 2881 est.
878 2833 903 2881 N
906 2850 946 2881 arn
957 2834 1018 2895 quod
1035 2850 1131 2896 panaro

179 2912 272 2959 factum
290 2917 365 2971 poetae
377 2911 521 2967 fabulantur,
533 2926 579 2972 qno
591 2926 629 2959 ore
641 2912 664 2959 id
681 2912 767 2960 Cicero
778 2912 874 2959 dixisset
890 2927 953 2973 sape
970 2911 1038 2959 lieril
1074 2911 1129 2959 Me·

179 2988 224 3036 lius
244 2990 315 3050 igitur
325 2986 452 3043 Victorius,
469 2988 509 3048 qui
526 2988 548 3035 id
566 2987 726 3050 jampridem
743 2989 772 3036 ad
791 2996 915 3051 serpentes
931 2989 1057 3036 retulerat:
1073 3004 1131 3049 quos

180 3066 327 3113 carminibus
337 3063 405 3112 flecti
421 3080 451 3112 ac
463 3065 591 3112 consistere
602 3066 680 3127 opinio
692 3072 736 3113 ost
769 3066 928 3113 Gothicamm
940 3066 1034 3126 quidem
1051 3081 1131 3114 rerum

179 3144 303 3203 scriptores
314 3149 422 3196 namant,
435 3157 504 3189 ursas
517 3144 550 3189 ita
561 3142 674 3190 delectari
691 3145 804 3191 tibiarum
816 3151 841 3190 et
856 3143 990 3190 fistulamm
1009 3145 1131 3204 pastorici-

180 3234 248 3266 arum
260 3234 325 3276 sono,
333 3225 368 3274 ut,
376 3234 433 3267 cum
445 3219 469 3266 in
480 3225 586 3280 pastores
598 3221 715 3281 impeturn
728 3221 813 3267 facturi
825 3226 889 3275 sunt,
897 3234 961 3281 saepe
973 3220 1003 3266 ab
1014 3221 1047 3266 eis
1056 3228 1131 3268 cantu

180 3296 346 3343 mulceantur:
363 3302 434 3357 atque
445 3298 509 3344 hanc
519 3298 697 3345 usitatissimam
707 3298 838 3358 pastoribus
846 3296 898 3358 ejas
906 3298 1007 3359 regionis
1015 3300 1131 3346 rationem

180 3386 232 3419 esse
251 3372 405 3433 expediendas
422 3374 453 3420 ab
469 3387 576 3420 umorum
596 3374 685 3434 impetn
705 3374 788 3421 salutis
803 3389 860 3420 suae.
893 3373 1033 3421 Vixtamen
1049 3381 1093 3430 est,
1106 3381 1132 3423 ut

180 3450 314 3496 existimem
337 3450 360 3496 id
380 3449 490 3497 Ciceroni
506 3457 590 3496 notum
608 3450 701 3497 inisse.”
736 3449 853 3499 Muretus
886 3450 1001 3499 Benecke
1013 3453 1132 3499 considers

180 3526 226 3574 this
237 3532 276 3573 too
287 3541 386 3588 meager
397 3541 429 3573 an
440 3527 592 3588 explanation
610 3532 635 3574 to
645 3529 695 3575 suit
710 3527 752 3575 the
764 3530 872 3592 coloring
888 3530 915 3576 oi
932 3529 973 3576 the
984 3531 1060 3576 entire
1076 3545 1131 3590 pas·

179 3618 245 3665 suge.
278 3602 333 3648 'lhe
341 3604 424 3664 myths
434 3605 570 3667 respectlog
581 3604 621 3650 the
631 3605 782 3669 enchanting
792 3613 860 3653 notes
870 3607 897 3652 of
906 3606 947 3653 the
958 3608 1048 3669 singers
1055 3608 1082 3652 ol
1090 3607 1131 3652 the

179 3681 273 3727 earliest
284 3680 355 3727 times
366 3679 454 3727 floated
467 3680 546 3727 before
558 3681 599 3727 the
610 3682 678 3729 mind
696 3684 725 3729 ol
737 3684 778 3730 the
791 3688 877 3738 orator,
889 3682 945 3738 and,
957 3682 1048 3729 carried
1059 3696 1131 3743 away

180 3756 212 3817 by
222 3757 260 3802 his
276 3756 384 3819 leelings,
396 3757 427 3803 he
444 3763 577 3818 represents
594 3773 621 3805 as
631 3759 658 3805 ol
676 3760 785 3821 frequent
796 3758 952 3814 mantredus,
964 3759 1030 3806 what
1046 3772 1099 3804 was
1116 3772 1150 3808 a,

179 3831 268 3881 matter
279 3833 306 3880 of
314 3832 445 3881 individual
457 3833 605 3901 experience.
