<?xml version="1.0" encoding="UTF-8"?>
<!DOCTYPE html PUBLIC "-//W3C//DTD XHTML 1.0 Transitional//EN"
    "http://www.w3.org/TR/xhtml1/DTD/xhtml1-transitional.dtd">
<html xmlns="http://www.w3.org/1999/xhtml" xml:lang="en" lang="en">
 <head>
  <title>
</title>
<meta http-equiv="Content-Type" content="text/html;charset=utf-8" />
  <meta name='ocr-system' content='tesseract 3.04.00' />
  <meta name='ocr-capabilities' content='ocr_page ocr_carea ocr_par ocr_line ocrx_word'/>
</head>
<body>
  <div class='ocr_page' id='page_1' title='image "./selectorationsm03cicegoog_0094.png"; bbox 0 0 2742 4384; ppageno 0'>
   <div class='ocr_carea' id='block_1_1' title="bbox 212 300 793 359">
    <p class='ocr_par' dir='ltr' id='par_1_1' title="bbox 212 300 793 359">
     <span class='ocr_line' id='line_1_1' title="bbox 212 300 793 359; baseline -0.005 -1"><span class='ocrx_word' id='word_1_1' title='bbox 212 300 252 359; x_wconf 82' lang='lat'>88</span> <span class='ocrx_word' id='word_1_2' title='bbox 684 314 793 355; x_wconf 72' lang='lat' dir='ltr'>casuro</span> 
     </span>
    </p>
   </div>
   <div class='ocr_carea' id='block_1_2' title="bbox 203 443 1213 3827">
    <p class='ocr_par' dir='ltr' id='par_1_2' title="bbox 231 443 1213 1055">
     <span class='ocr_line' id='line_1_2' title="bbox 258 443 1213 526; baseline 0.005 -24"><span class='ocrx_word' id='word_1_3' title='bbox 258 463 323 502; x_wconf 89' lang='lat' dir='ltr'>rum</span> <span class='ocrx_word' id='word_1_4' title='bbox 342 443 475 502; x_wconf 83' lang='lat' dir='ltr'>laudibus</span> <span class='ocrx_word' id='word_1_5' title='bbox 491 443 693 502; x_wconf 76' lang='lat' dir='ltr'>obscuritatem</span> <span class='ocrx_word' id='word_1_6' title='bbox 707 444 872 511; x_wconf 86' lang='lat' dir='ltr'>attulerunt,</span> <span class='ocrx_word' id='word_1_7' title='bbox 886 444 994 503; x_wconf 88' lang='lat' dir='ltr'>idcirco</span> <span class='ocrx_word' id='word_1_8' title='bbox 1014 446 1066 504; x_wconf 72' lang='lat' dir='ltr'>(ln.</span> <span class='ocrx_word' id='word_1_9' title='bbox 1082 446 1213 526; x_wconf 90' lang='lat' dir='ltr'>Pompeii</span> 
     </span>
     <span class='ocr_line' id='line_1_3' title="bbox 258 523 1212 602; baseline 0.003 -22"><span class='ocrx_word' id='word_1_10' title='bbox 258 523 422 580; x_wconf 83' lang='lat' dir='ltr'><strong>memoriam</strong></span> <span class='ocrx_word' id='word_1_11' title='bbox 436 523 587 580; x_wconf 90' lang='lat' dir='ltr'>amisimus.</span> <span class='ocrx_word' id='word_1_12' title='bbox 629 523 775 591; x_wconf 81' lang='lat' dir='ltr'>Quantum</span> <span class='ocrx_word' id='word_1_13' title='bbox 788 542 890 580; x_wconf 88' lang='lat' dir='ltr'>nomon</span> <span class='ocrx_word' id='word_1_14' title='bbox 906 525 968 602; x_wconf 88' lang='lat' dir='ltr'>ejus</span> <span class='ocrx_word' id='word_1_15' title='bbox 987 526 1081 593; x_wconf 88' lang='lat' dir='ltr'>fuerit,</span> <span class='ocrx_word' id='word_1_16' title='bbox 1096 536 1212 602; x_wconf 76' lang='lat' dir='ltr'>quantae</span> 
     </span>
     <span class='ocr_line' id='line_1_4' title="bbox 259 600 1211 680; baseline 0.006 -22"><span class='ocrx_word' id='word_1_17' title='bbox 259 621 336 679; x_wconf 92' lang='lat' dir='ltr'>opes,</span> <span class='ocrx_word' id='word_1_18' title='bbox 351 610 457 678; x_wconf 87' lang='lat' dir='ltr'>quanta</span> <span class='ocrx_word' id='word_1_19' title='bbox 470 602 498 659; x_wconf 91' lang='lat' dir='ltr'>in</span> <span class='ocrx_word' id='word_1_20' title='bbox 512 602 587 660; x_wconf 91' lang='lat' dir='ltr'>omni</span> <span class='ocrx_word' id='word_1_21' title='bbox 600 620 704 679; x_wconf 81' lang='lat' dir='ltr'>genere</span> <span class='ocrx_word' id='word_1_22' title='bbox 715 600 854 659; x_wconf 90' lang='lat' dir='ltr'>bellorum</span> <span class='ocrx_word' id='word_1_23' title='bbox 867 602 965 680; x_wconf 87' lang='lat' dir='ltr'>gloria,</span> <span class='ocrx_word' id='word_1_24' title='bbox 977 604 1074 680; x_wconf 88' lang='lat' dir='ltr'>quanti</span> <span class='ocrx_word' id='word_1_25' title='bbox 1088 606 1211 664; x_wconf 86' lang='lat' dir='ltr'>honores</span> 
     </span>
     <span class='ocr_line' id='line_1_5' title="bbox 245 680 1210 762; baseline 0.004 -25"><span class='ocrx_word' id='word_1_26' title='bbox 245 682 358 758; x_wconf 82' lang='lat' dir='ltr'>&#39;populi</span> <span class='ocrx_word' id='word_1_27' title='bbox 381 681 509 748; x_wconf 87' lang='lat' dir='ltr'>Romani,</span> <span class='ocrx_word' id='word_1_28' title='bbox 531 680 629 756; x_wconf 88' lang='lat' dir='ltr'>quanti</span> <span class='ocrx_word' id='word_1_29' title='bbox 653 688 776 753; x_wconf 85' lang='lat' dir='ltr'>senatus,</span> <span class='ocrx_word' id='word_1_30' title='bbox 798 682 900 756; x_wconf 86' lang='lat' dir='ltr'>quanti</span> <span class='ocrx_word' id='word_1_31' title='bbox 919 682 969 750; x_wconf 90' lang='lat' dir='ltr'>tui,</span> <span class='ocrx_word' id='word_1_32' title='bbox 991 683 1054 760; x_wconf 87' lang='lat' dir='ltr'>quis</span> <span class='ocrx_word' id='word_1_33' title='bbox 1073 683 1210 762; x_wconf 78' lang='lat' dir='ltr'>ignorat?</span> 
     </span>
     <span class='ocr_line' id='line_1_6' title="bbox 231 756 1210 837; baseline 0.004 -20"><span class='ocrx_word' id='word_1_34' title='bbox 231 760 348 818; x_wconf 76' lang='lat' dir='ltr'>tTanto</span> <span class='ocrx_word' id='word_1_35' title='bbox 375 760 422 817; x_wconf 92' lang='lat' dir='ltr'>ille</span> <span class='ocrx_word' id='word_1_36' title='bbox 449 760 608 837; x_wconf 81' lang='lat' dir='ltr'>superiores</span> <span class='ocrx_word' id='word_1_37' title='bbox 631 756 739 815; x_wconf 86' lang='lat' dir='ltr'>vice&#39;rat</span> <span class='ocrx_word' id='word_1_38' title='bbox 765 759 864 836; x_wconf 82' lang='lat' dir='ltr'>gloria,</span> <span class='ocrx_word' id='word_1_39' title='bbox 889 770 995 837; x_wconf 87' lang='lat' dir='ltr'>quanto</span> <span class='ocrx_word' id='word_1_40' title='bbox 1023 770 1055 818; x_wconf 92' lang='lat' dir='ltr'>tu</span> <span class='ocrx_word' id='word_1_41' title='bbox 1080 763 1210 821; x_wconf 92' lang='lat' dir='ltr'>omnibus</span> 
     </span>
     <span class='ocr_line' id='line_1_7' title="bbox 258 837 1208 918; baseline 0.002 -21"><span class='ocrx_word' id='word_1_42' title='bbox 258 838 421 917; x_wconf 79' lang='lat' dir='ltr'>praestitisti.</span> <span class='ocrx_word' id='word_1_43' title='bbox 462 840 564 915; x_wconf 85' lang='lat' dir='ltr'>Itaque</span> <span class='ocrx_word' id='word_1_44' title='bbox 579 837 630 895; x_wconf 77' lang='lat' dir='ltr'>(ln</span> <span class='ocrx_word' id='word_1_45' title='bbox 645 837 775 914; x_wconf 91' lang='lat' dir='ltr'>Pompeii</span> <span class='ocrx_word' id='word_1_46' title='bbox 789 837 872 905; x_wconf 86' lang='lat' dir='ltr'>bella,</span> <span class='ocrx_word' id='word_1_47' title='bbox 888 839 1025 906; x_wconf 86' lang='lat' dir='ltr'>victorias,</span> <span class='ocrx_word' id='word_1_48' title='bbox 1039 841 1208 918; x_wconf 85' lang='lat' dir='ltr'>triumphos,</span> 
     </span>
     <span class='ocr_line' id='line_1_8' title="bbox 258 917 1209 985; baseline 0.002 -9"><span class='ocrx_word' id='word_1_49' title='bbox 258 919 420 977; x_wconf 86' lang='lat' dir='ltr'>consulatus</span> <span class='ocrx_word' id='word_1_50' title='bbox 441 917 612 974; x_wconf 84' lang='lat' dir='ltr'>admirantes</span> <span class='ocrx_word' id='word_1_51' title='bbox 632 917 867 985; x_wconf 86' lang='lat' dir='ltr'>numerabamus;</span> <span class='ocrx_word' id='word_1_52' title='bbox 888 924 954 975; x_wconf 87' lang='lat' dir='ltr'>tuos</span> <span class='ocrx_word' id='word_1_53' title='bbox 974 937 1139 977; x_wconf 87' lang='lat' dir='ltr'>enumerare</span> <span class='ocrx_word' id='word_1_54' title='bbox 1152 940 1209 978; x_wconf 88' lang='lat' dir='ltr'>non</span> 
     </span>
     <span class='ocr_line' id='line_1_9' title="bbox 278 1017 416 1055; baseline 0 0"><span class='ocrx_word' id='word_1_55' title='bbox 278 1017 416 1055; x_wconf 90' lang='lat' dir='ltr'>ossumus.</span> 
     </span>
    </p>

    <p class='ocr_par' dir='ltr' id='par_1_3' title="bbox 203 1018 1209 3827">
     <span class='ocr_line' id='line_1_10' title="bbox 256 1018 1209 1151; baseline 0.002 -17"><span class='ocrx_word' id='word_1_56' title='bbox 256 1018 277 1076; x_wconf 77' lang='lat' dir='ltr'>p</span> <span class='ocrx_word' id='word_1_57' title='bbox 296 1077 332 1134; x_wconf 92' lang='lat' dir='ltr'>V.</span> <span class='ocrx_word' id='word_1_58' title='bbox 376 1082 421 1134; x_wconf 81' lang='lat'>13.</span> <span class='ocrx_word' id='word_1_59' title='bbox 442 1074 492 1132; x_wconf 83' lang='lat' dir='ltr'>Ad</span> <span class='ocrx_word' id='word_1_60' title='bbox 507 1092 572 1132; x_wconf 91' lang='lat' dir='ltr'>eum</span> <span class='ocrx_word' id='word_1_61' title='bbox 595 1072 682 1151; x_wconf 86' lang='lat' dir='ltr'>igitur</span> <span class='ocrx_word' id='word_1_62' title='bbox 696 1091 746 1130; x_wconf 91' lang='lat' dir='ltr'>rex</span> <span class='ocrx_word' id='word_1_63' title='bbox 766 1073 917 1131; x_wconf 80' lang='lat' dir='ltr'>Deiotarus</span> <span class='ocrx_word' id='word_1_64' title='bbox 930 1075 1007 1132; x_wconf 87' lang='lat' dir='ltr'>venit</span> <span class='ocrx_word' id='word_1_65' title='bbox 1031 1076 1085 1133; x_wconf 91' lang='lat' dir='ltr'>hoc</span> <span class='ocrx_word' id='word_1_66' title='bbox 1106 1077 1209 1136; x_wconf 86' lang='lat' dir='ltr'>misero</span> 
     </span>
     <span class='ocr_line' id='line_1_11' title="bbox 209 1151 1205 1234; baseline 0.002 -23"><span class='ocrx_word' id='word_1_67' title='bbox 209 1156 390 1232; x_wconf 88' lang='lat' dir='ltr'>10fatalique</span> <span class='ocrx_word' id='word_1_68' title='bbox 405 1154 488 1221; x_wconf 90' lang='lat' dir='ltr'>bello,</span> <span class='ocrx_word' id='word_1_69' title='bbox 504 1172 589 1231; x_wconf 89' lang='lat' dir='ltr'>quem</span> <span class='ocrx_word' id='word_1_70' title='bbox 610 1159 694 1208; x_wconf 87' lang='lat' dir='ltr'>antea</span> <span class='ocrx_word' id='word_1_71' title='bbox 712 1151 796 1229; x_wconf 87' lang='lat' dir='ltr'>justis</span> <span class='ocrx_word' id='word_1_72' title='bbox 810 1154 1015 1230; x_wconf 81' lang='lat' dir='ltr'>hostilibusque</span> <span class='ocrx_word' id='word_1_73' title='bbox 1029 1155 1110 1212; x_wconf 89' lang='lat' dir='ltr'>bellis</span> <span class='ocrx_word' id='word_1_74' title='bbox 1124 1157 1205 1234; x_wconf 87' lang='lat' dir='ltr'>adju-</span> 
     </span>
     <span class='ocr_line' id='line_1_12' title="bbox 255 1231 1205 1310; baseline 0.001 -19"><span class='ocrx_word' id='word_1_75' title='bbox 255 1243 342 1301; x_wconf 85' lang='lat' dir='ltr'>verat,</span> <span class='ocrx_word' id='word_1_76' title='bbox 358 1253 480 1310; x_wconf 88' lang='lat' dir='ltr'>quocum</span> <span class='ocrx_word' id='word_1_77' title='bbox 501 1240 562 1290; x_wconf 91' lang='lat' dir='ltr'>erat</span> <span class='ocrx_word' id='word_1_78' title='bbox 575 1249 632 1289; x_wconf 91' lang='lat' dir='ltr'>non</span> <span class='ocrx_word' id='word_1_79' title='bbox 651 1231 775 1307; x_wconf 91' lang='lat' dir='ltr'>hospitio</span> <span class='ocrx_word' id='word_1_80' title='bbox 789 1232 889 1300; x_wconf 86' lang='lat' dir='ltr'>solum,</span> <span class='ocrx_word' id='word_1_81' title='bbox 905 1252 1003 1290; x_wconf 88' lang='lat' dir='ltr'>verum</span> <span class='ocrx_word' id='word_1_82' title='bbox 1019 1234 1105 1290; x_wconf 90' lang='lat' dir='ltr'>etiam</span> <span class='ocrx_word' id='word_1_83' title='bbox 1125 1235 1205 1292; x_wconf 87' lang='lat' dir='ltr'>fami·</span> 
     </span>
     <span class='ocr_line' id='line_1_13' title="bbox 254 1310 1206 1389; baseline 0.001 -19"><span class='ocrx_word' id='word_1_84' title='bbox 254 1312 375 1370; x_wconf 89' lang='lat' dir='ltr'>liaritate</span> <span class='ocrx_word' id='word_1_85' title='bbox 398 1312 582 1389; x_wconf 89' lang='lat' dir='ltr'>conjunctus;</span> <span class='ocrx_word' id='word_1_86' title='bbox 614 1316 643 1367; x_wconf 90' lang='lat' dir='ltr'>et</span> <span class='ocrx_word' id='word_1_87' title='bbox 663 1310 740 1367; x_wconf 83' lang='lat' dir='ltr'>veuit</span> <span class='ocrx_word' id='word_1_88' title='bbox 760 1311 805 1368; x_wconf 86' lang='lat' dir='ltr'>vel</span> <span class='ocrx_word' id='word_1_89' title='bbox 824 1319 949 1388; x_wconf 81' lang='lat' dir='ltr'>rogatus,</span> <span class='ocrx_word' id='word_1_90' title='bbox 971 1319 1004 1368; x_wconf 92' lang='lat' dir='ltr'>ut</span> <span class='ocrx_word' id='word_1_91' title='bbox 1024 1312 1139 1380; x_wconf 87' lang='lat' dir='ltr'>amicus,</span> <span class='ocrx_word' id='word_1_92' title='bbox 1161 1314 1206 1372; x_wconf 92' lang='lat' dir='ltr'>vel</span> 
     </span>
     <span class='ocr_line' id='line_1_14' title="bbox 254 1388 1206 1469; baseline 0.002 -21"><span class='ocrx_word' id='word_1_93' title='bbox 254 1391 413 1457; x_wconf 81' lang='lat' dir='ltr'>arcessitus,</span> <span class='ocrx_word' id='word_1_94' title='bbox 428 1399 461 1447; x_wconf 92' lang='lat' dir='ltr'>ut</span> <span class='ocrx_word' id='word_1_95' title='bbox 480 1390 581 1456; x_wconf 88' lang='lat' dir='ltr'>socius,</span> <span class='ocrx_word' id='word_1_96' title='bbox 596 1388 642 1446; x_wconf 86' lang='lat' dir='ltr'>vel</span> <span class='ocrx_word' id='word_1_97' title='bbox 663 1396 807 1457; x_wconf 88' lang='lat' dir='ltr'>evocatus,</span> <span class='ocrx_word' id='word_1_98' title='bbox 821 1400 855 1446; x_wconf 88' lang='lat' dir='ltr'>ut</span> <span class='ocrx_word' id='word_1_99' title='bbox 874 1389 906 1456; x_wconf 90' lang='lat' dir='ltr'>is,</span> <span class='ocrx_word' id='word_1_100' title='bbox 921 1390 970 1466; x_wconf 90' lang='lat' dir='ltr'>qui</span> <span class='ocrx_word' id='word_1_101' title='bbox 983 1392 1093 1448; x_wconf 88' lang='lat' dir='ltr'>senatui</span> <span class='ocrx_word' id='word_1_102' title='bbox 1107 1412 1206 1469; x_wconf 86' lang='lat' dir='ltr'>parere</span> 
     </span>
     <span class='ocr_line' id='line_1_15' title="bbox 255 1467 1205 1546; baseline 0.002 -20"><span class='ocrx_word' id='word_1_103' title='bbox 255 1469 412 1535; x_wconf 89' lang='lat' dir='ltr'>didicisset;</span> <span class='ocrx_word' id='word_1_104' title='bbox 444 1475 588 1545; x_wconf 87' lang='lat' dir='ltr'>postremo</span> <span class='ocrx_word' id='word_1_105' title='bbox 610 1467 687 1524; x_wconf 85' lang='lat' dir='ltr'>veuit</span> <span class='ocrx_word' id='word_1_106' title='bbox 709 1476 741 1524; x_wconf 92' lang='lat' dir='ltr'>ut</span> <span class='ocrx_word' id='word_1_107' title='bbox 764 1468 803 1525; x_wconf 88' lang='lat' dir='ltr'>ad</span> <span class='ocrx_word' id='word_1_108' title='bbox 829 1468 995 1546; x_wconf 81' lang='lat' dir='ltr'>fugientem,</span> <span class='ocrx_word' id='word_1_109' title='bbox 1023 1488 1079 1528; x_wconf 90' lang='lat' dir='ltr'>non</span> <span class='ocrx_word' id='word_1_110' title='bbox 1106 1480 1140 1528; x_wconf 89' lang='lat' dir='ltr'>ut</span> <span class='ocrx_word' id='word_1_111' title='bbox 1168 1472 1205 1529; x_wconf 88' lang='lat' dir='ltr'>ad</span> 
     </span>
     <span class='ocr_line' id='line_1_16' title="bbox 208 1546 1204 1623; baseline 0.004 -19"><span class='ocrx_word' id='word_1_112' title='bbox 208 1551 244 1605; x_wconf 78' lang='lat'>15</span> <span class='ocrx_word' id='word_1_113' title='bbox 254 1547 455 1623; x_wconf 86' lang='lat' dir='ltr'>insequentem,</span> <span class='ocrx_word' id='word_1_114' title='bbox 470 1547 499 1603; x_wconf 94' lang='lat' dir='ltr'>id</span> <span class='ocrx_word' id='word_1_115' title='bbox 520 1554 563 1604; x_wconf 91' lang='lat' dir='ltr'>est</span> <span class='ocrx_word' id='word_1_116' title='bbox 577 1547 614 1604; x_wconf 89' lang='lat' dir='ltr'>ad</span> <span class='ocrx_word' id='word_1_117' title='bbox 629 1546 753 1622; x_wconf 85' lang='lat' dir='ltr'>periculi,</span> <span class='ocrx_word' id='word_1_118' title='bbox 772 1566 828 1604; x_wconf 90' lang='lat' dir='ltr'>non</span> <span class='ocrx_word' id='word_1_119' title='bbox 841 1548 879 1605; x_wconf 87' lang='lat' dir='ltr'>ad</span> <span class='ocrx_word' id='word_1_120' title='bbox 894 1547 1018 1605; x_wconf 85' lang='lat' dir='ltr'>victoriae</span> <span class='ocrx_word' id='word_1_121' title='bbox 1032 1546 1204 1609; x_wconf 80' lang='lat' dir='ltr'>societatem.</span> 
     </span>
     <span class='ocr_line' id='line_1_17' title="bbox 254 1625 1205 1707; baseline 0.002 -23"><span class='ocrx_word' id='word_1_122' title='bbox 254 1628 355 1702; x_wconf 90' lang='lat' dir='ltr'>Itaque</span> <span class='ocrx_word' id='word_1_123' title='bbox 370 1625 532 1684; x_wconf 89' lang='lat' dir='ltr'>Pharsalico</span> <span class='ocrx_word' id='word_1_124' title='bbox 554 1625 654 1702; x_wconf 88' lang='lat' dir='ltr'>proelio</span> <span class='ocrx_word' id='word_1_125' title='bbox 667 1626 777 1683; x_wconf 84' lang='lat' dir='ltr'>factoa</span> <span class='ocrx_word' id='word_1_126' title='bbox 800 1625 937 1704; x_wconf 91' lang='lat' dir='ltr'>Pompeio</span> <span class='ocrx_word' id='word_1_127' title='bbox 957 1626 1102 1695; x_wconf 88' lang='lat' dir='ltr'>discessit;</span> <span class='ocrx_word' id='word_1_128' title='bbox 1124 1648 1205 1707; x_wconf 87' lang='lat' dir='ltr'>spem</span> 
     </span>
     <span class='ocr_line' id='line_1_18' title="bbox 253 1703 1205 1781; baseline 0.003 -19"><span class='ocrx_word' id='word_1_129' title='bbox 253 1705 388 1762; x_wconf 87' lang='lat' dir='ltr'>infinitam</span> <span class='ocrx_word' id='word_1_130' title='bbox 408 1705 539 1781; x_wconf 89' lang='lat' dir='ltr'>persequi</span> <span class='ocrx_word' id='word_1_131' title='bbox 559 1704 649 1761; x_wconf 92' lang='lat' dir='ltr'>noluit</span> <span class='ocrx_word' id='word_1_132' title='bbox 659 1723 667 1771; x_wconf 92' lang='lat'>;</span> <span class='ocrx_word' id='word_1_133' title='bbox 688 1703 734 1761; x_wconf 85' lang='lat' dir='ltr'>vel</span> <span class='ocrx_word' id='word_1_134' title='bbox 748 1705 848 1772; x_wconf 87' lang='lat' dir='ltr'>officio,</span> <span class='ocrx_word' id='word_1_135' title='bbox 863 1705 887 1762; x_wconf 90' lang='lat' dir='ltr'>si</span> <span class='ocrx_word' id='word_1_136' title='bbox 908 1706 976 1781; x_wconf 92' lang='lat' dir='ltr'>quid</span> <span class='ocrx_word' id='word_1_137' title='bbox 998 1705 1144 1775; x_wconf 83' lang='lat' dir='ltr'>debuerat,</span> <span class='ocrx_word' id='word_1_138' title='bbox 1161 1708 1205 1765; x_wconf 85' lang='lat' dir='ltr'>vel</span> 
     </span>
     <span class='ocr_line' id='line_1_19' title="bbox 253 1783 1205 1860; baseline 0.002 -18"><span class='ocrx_word' id='word_1_139' title='bbox 253 1785 348 1851; x_wconf 89' lang='lat' dir='ltr'>errori,</span> <span class='ocrx_word' id='word_1_140' title='bbox 368 1784 473 1860; x_wconf 89' lang='lat' dir='ltr'>siquid</span> <span class='ocrx_word' id='word_1_141' title='bbox 487 1783 632 1849; x_wconf 81' lang='lat' dir='ltr'>nescierat,</span> <span class='ocrx_word' id='word_1_142' title='bbox 648 1783 824 1841; x_wconf 85' lang='lat' dir='ltr'>satisfactum</span> <span class='ocrx_word' id='word_1_143' title='bbox 838 1803 900 1842; x_wconf 90' lang='lat' dir='ltr'>esse</span> <span class='ocrx_word' id='word_1_144' title='bbox 923 1784 1020 1852; x_wconf 82' lang='lat' dir='ltr'>duxit;</span> <span class='ocrx_word' id='word_1_145' title='bbox 1042 1785 1158 1843; x_wconf 92' lang='lat' dir='ltr'>domum</span> <span class='ocrx_word' id='word_1_146' title='bbox 1173 1806 1205 1845; x_wconf 90' lang='lat' dir='ltr'>se</span> 
     </span>
     <span class='ocr_line' id='line_1_20' title="bbox 253 1862 1203 1939; baseline 0.001 -18"><span class='ocrx_word' id='word_1_147' title='bbox 253 1863 372 1922; x_wconf 91' lang='lat' dir='ltr'>contulit</span> <span class='ocrx_word' id='word_1_148' title='bbox 395 1872 481 1939; x_wconf 87' lang='lat' dir='ltr'>atque</span> <span class='ocrx_word' id='word_1_149' title='bbox 501 1862 725 1920; x_wconf 86' lang='lat' dir='ltr'>Alexandrinum</span> <span class='ocrx_word' id='word_1_150' title='bbox 750 1862 856 1920; x_wconf 93' lang='lat' dir='ltr'>bellum</span> <span class='ocrx_word' id='word_1_151' title='bbox 900 1872 996 1921; x_wconf 88' lang='lat' dir='ltr'>erente</span> <span class='ocrx_word' id='word_1_152' title='bbox 1023 1870 1053 1921; x_wconf 92' lang='lat' dir='ltr'>te</span> <span class='ocrx_word' id='word_1_153' title='bbox 1077 1865 1203 1922; x_wconf 86' lang='lat' dir='ltr'>utilitati·</span> 
     </span>
     <span class='ocr_line' id='line_1_21' title="bbox 205 1883 1203 2021; baseline 0 -20"><span class='ocrx_word' id='word_1_154' title='bbox 205 1944 307 2002; x_wconf 72' lang='lat' dir='ltr'>robus</span> <span class='ocrx_word' id='word_1_155' title='bbox 327 1943 383 2001; x_wconf 89' lang='lat' dir='ltr'>tuis</span> <span class='ocrx_word' id='word_1_156' title='bbox 404 1942 506 2020; x_wconf 93' lang='lat' dir='ltr'>paruit.</span> <span class='ocrx_word' id='word_1_157' title='bbox 550 1947 595 1999; x_wconf 82' lang='lat'>14.</span> <span class='ocrx_word' id='word_1_158' title='bbox 618 1940 670 1997; x_wconf 93' lang='lat' dir='ltr'>Ille</span> <span class='ocrx_word' id='word_1_159' title='bbox 695 1941 849 1998; x_wconf 83' lang='lat' dir='ltr'>exercitum</span> <span class='ocrx_word' id='word_1_160' title='bbox 874 1883 925 1999; x_wconf 54' lang='lat' dir='ltr'>dn.</span> <span class='ocrx_word' id='word_1_161' title='bbox 952 1943 1068 2000; x_wconf 92' lang='lat' dir='ltr'>Domitii</span> <span class='ocrx_word' id='word_1_162' title='bbox 1090 1945 1203 2021; x_wconf 91' lang='lat' dir='ltr'>amplis·</span> 
     </span>
     <span class='ocr_line' id='line_1_22' title="bbox 253 2019 1204 2098; baseline 0.001 -19"><span class='ocrx_word' id='word_1_163' title='bbox 253 2022 314 2080; x_wconf 90' lang='lat' dir='ltr'>simi</span> <span class='ocrx_word' id='word_1_164' title='bbox 329 2023 379 2080; x_wconf 86' lang='lat' dir='ltr'>viri</span> <span class='ocrx_word' id='word_1_165' title='bbox 399 2022 456 2080; x_wconf 89' lang='lat' dir='ltr'>suis</span> <span class='ocrx_word' id='word_1_166' title='bbox 476 2020 558 2078; x_wconf 89' lang='lat' dir='ltr'>tectis</span> <span class='ocrx_word' id='word_1_167' title='bbox 572 2027 602 2076; x_wconf 92' lang='lat' dir='ltr'>et</span> <span class='ocrx_word' id='word_1_168' title='bbox 618 2019 706 2096; x_wconf 90' lang='lat' dir='ltr'>copiis</span> <span class='ocrx_word' id='word_1_169' title='bbox 720 2020 888 2078; x_wconf 87' lang='lat' dir='ltr'>sustentavit</span> <span class='ocrx_word' id='word_1_170' title='bbox 898 2040 905 2088; x_wconf 92' lang='lat'>;</span> <span class='ocrx_word' id='word_1_171' title='bbox 931 2020 977 2078; x_wconf 90' lang='lat' dir='ltr'>ille</span> <span class='ocrx_word' id='word_1_172' title='bbox 997 2021 1145 2098; x_wconf 88' lang='lat' dir='ltr'>Ephesum</span> <span class='ocrx_word' id='word_1_173' title='bbox 1165 2024 1204 2080; x_wconf 90' lang='lat' dir='ltr'>ad</span> 
     </span>
     <span class='ocr_line' id='line_1_23' title="bbox 253 2098 1203 2178; baseline 0.001 -20"><span class='ocrx_word' id='word_1_174' title='bbox 253 2119 326 2168; x_wconf 88' lang='lat' dir='ltr'>eum,</span> <span class='ocrx_word' id='word_1_175' title='bbox 342 2119 426 2178; x_wconf 87' lang='lat' dir='ltr'>quern</span> <span class='ocrx_word' id='word_1_176' title='bbox 440 2108 474 2156; x_wconf 92' lang='lat' dir='ltr'>tu</span> <span class='ocrx_word' id='word_1_177' title='bbox 494 2119 530 2157; x_wconf 88' lang='lat' dir='ltr'>ex</span> <span class='ocrx_word' id='word_1_178' title='bbox 543 2099 599 2156; x_wconf 89' lang='lat' dir='ltr'>tuis</span> <span class='ocrx_word' id='word_1_179' title='bbox 613 2098 806 2155; x_wconf 91' lang='lat' dir='ltr'>fidelissimum</span> <span class='ocrx_word' id='word_1_180' title='bbox 820 2108 850 2156; x_wconf 90' lang='lat' dir='ltr'>et</span> <span class='ocrx_word' id='word_1_181' title='bbox 874 2099 1102 2176; x_wconf 86' lang='lat' dir='ltr'>probatissimum</span> <span class='ocrx_word' id='word_1_182' title='bbox 1116 2105 1203 2160; x_wconf 90' lang='lat' dir='ltr'>omni-</span> 
     </span>
     <span class='ocr_line' id='line_1_24' title="bbox 253 2176 1203 2257; baseline 0.001 -20"><span class='ocrx_word' id='word_1_183' title='bbox 253 2180 306 2237; x_wconf 91' lang='lat' dir='ltr'>bus</span> <span class='ocrx_word' id='word_1_184' title='bbox 322 2179 459 2257; x_wconf 84' lang='lat' dir='ltr'>delegisti,</span> <span class='ocrx_word' id='word_1_185' title='bbox 475 2178 623 2256; x_wconf 86' lang='lat' dir='ltr'>pecuniam</span> <span class='ocrx_word' id='word_1_186' title='bbox 636 2176 721 2244; x_wconf 90' lang='lat' dir='ltr'>misit,</span> <span class='ocrx_word' id='word_1_187' title='bbox 736 2177 781 2234; x_wconf 90' lang='lat' dir='ltr'>ille</span> <span class='ocrx_word' id='word_1_188' title='bbox 801 2177 913 2245; x_wconf 85' lang='lat' dir='ltr'>iterum,</span> <span class='ocrx_word' id='word_1_189' title='bbox 928 2177 974 2235; x_wconf 86' lang='lat' dir='ltr'>ille</span> <span class='ocrx_word' id='word_1_190' title='bbox 995 2179 1078 2237; x_wconf 89' lang='lat' dir='ltr'>tertio</span> <span class='ocrx_word' id='word_1_191' title='bbox 1097 2180 1203 2238; x_wconf 90' lang='lat' dir='ltr'>auctio·</span> 
     </span>
     <span class='ocr_line' id='line_1_25' title="bbox 251 2256 1204 2334; baseline 0.002 -19"><span class='ocrx_word' id='word_1_192' title='bbox 251 2259 334 2317; x_wconf 91' lang='lat' dir='ltr'>nibus</span> <span class='ocrx_word' id='word_1_193' title='bbox 356 2259 437 2315; x_wconf 89' lang='lat' dir='ltr'>factis</span> <span class='ocrx_word' id='word_1_194' title='bbox 459 2257 610 2334; x_wconf 89' lang='lat' dir='ltr'>pecuniam</span> <span class='ocrx_word' id='word_1_195' title='bbox 633 2256 720 2323; x_wconf 90' lang='lat' dir='ltr'>dedit,</span> <span class='ocrx_word' id='word_1_196' title='bbox 742 2275 800 2333; x_wconf 91' lang='lat' dir='ltr'>qua</span> <span class='ocrx_word' id='word_1_197' title='bbox 815 2257 853 2314; x_wconf 89' lang='lat' dir='ltr'>ad</span> <span class='ocrx_word' id='word_1_198' title='bbox 876 2257 982 2315; x_wconf 90' lang='lat' dir='ltr'>bellum</span> <span class='ocrx_word' id='word_1_199' title='bbox 1006 2266 1132 2326; x_wconf 89' lang='lat' dir='ltr'>uterere;</span> <span class='ocrx_word' id='word_1_200' title='bbox 1156 2259 1204 2317; x_wconf 88' lang='lat' dir='ltr'>ille</span> 
     </span>
     <span class='ocr_line' id='line_1_26' title="bbox 205 2335 1203 2416; baseline 0.002 -23"><span class='ocrx_word' id='word_1_201' title='bbox 205 2341 355 2416; x_wconf 69' lang='lat' dir='ltr'>ttcorpus</span> <span class='ocrx_word' id='word_1_202' title='bbox 383 2356 466 2395; x_wconf 89' lang='lat' dir='ltr'>suum</span> <span class='ocrx_word' id='word_1_203' title='bbox 495 2335 620 2414; x_wconf 88' lang='lat' dir='ltr'>periculo</span> <span class='ocrx_word' id='word_1_204' title='bbox 647 2336 760 2413; x_wconf 87' lang='lat' dir='ltr'>objecit,</span> <span class='ocrx_word' id='word_1_205' title='bbox 791 2343 941 2412; x_wconf 88' lang='lat' dir='ltr'>tecumque</span> <span class='ocrx_word' id='word_1_206' title='bbox 968 2335 997 2392; x_wconf 91' lang='lat' dir='ltr'>in</span> <span class='ocrx_word' id='word_1_207' title='bbox 1019 2337 1078 2394; x_wconf 88' lang='lat' dir='ltr'>acie</span> <span class='ocrx_word' id='word_1_208' title='bbox 1103 2346 1203 2395; x_wconf 87' lang='lat' dir='ltr'>contra</span> 
     </span>
     <span class='ocr_line' id='line_1_27' title="bbox 251 2413 1203 2491; baseline 0.001 -18"><span class='ocrx_word' id='word_1_209' title='bbox 251 2416 428 2475; x_wconf 86' lang='lat' dir='ltr'>Pharnacem</span> <span class='ocrx_word' id='word_1_210' title='bbox 451 2416 513 2481; x_wconf 85' lang='lat' dir='ltr'>fuit,</span> <span class='ocrx_word' id='word_1_211' title='bbox 528 2424 665 2491; x_wconf 90' lang='lat' dir='ltr'>tuumque</span> <span class='ocrx_word' id='word_1_212' title='bbox 690 2415 801 2471; x_wconf 87' lang='lat' dir='ltr'>hostem</span> <span class='ocrx_word' id='word_1_213' title='bbox 816 2433 878 2472; x_wconf 91' lang='lat' dir='ltr'>esse</span> <span class='ocrx_word' id='word_1_214' title='bbox 893 2413 974 2471; x_wconf 87' lang='lat' dir='ltr'>duxit</span> <span class='ocrx_word' id='word_1_215' title='bbox 996 2435 1088 2474; x_wconf 84' lang='lat' dir='ltr'>suum.</span> <span class='ocrx_word' id='word_1_216' title='bbox 1131 2418 1203 2486; x_wconf 79' lang='lat' dir='ltr'>Quae</span> 
     </span>
     <span class='ocr_line' id='line_1_28' title="bbox 252 2494 1203 2570; baseline 0.001 -19"><span class='ocrx_word' id='word_1_217' title='bbox 252 2496 367 2570; x_wconf 87' lang='lat' dir='ltr'>quidem</span> <span class='ocrx_word' id='word_1_218' title='bbox 389 2503 454 2552; x_wconf 91' lang='lat' dir='ltr'>ate</span> <span class='ocrx_word' id='word_1_219' title='bbox 477 2495 505 2551; x_wconf 96' lang='lat' dir='ltr'>in</span> <span class='ocrx_word' id='word_1_220' title='bbox 519 2512 582 2550; x_wconf 89' lang='lat' dir='ltr'>eam</span> <span class='ocrx_word' id='word_1_221' title='bbox 602 2501 712 2569; x_wconf 87' lang='lat' dir='ltr'>partem</span> <span class='ocrx_word' id='word_1_222' title='bbox 729 2501 846 2570; x_wconf 88' lang='lat' dir='ltr'>accepta</span> <span class='ocrx_word' id='word_1_223' title='bbox 860 2500 935 2560; x_wconf 90' lang='lat' dir='ltr'>sunt,</span> <span class='ocrx_word' id='word_1_224' title='bbox 958 2494 1063 2561; x_wconf 71' lang='lat' dir='ltr'>Caesar,</span> <span class='ocrx_word' id='word_1_225' title='bbox 1078 2502 1112 2551; x_wconf 92' lang='lat' dir='ltr'>ut</span> <span class='ocrx_word' id='word_1_226' title='bbox 1136 2514 1203 2552; x_wconf 91' lang='lat' dir='ltr'>eum</span> 
     </span>
     <span class='ocr_line' id='line_1_29' title="bbox 252 2571 1202 2651; baseline 0.002 -22"><span class='ocrx_word' id='word_1_227' title='bbox 252 2574 424 2649; x_wconf 87' lang='lat' dir='ltr'>amplissimo</span> <span class='ocrx_word' id='word_1_228' title='bbox 438 2574 544 2631; x_wconf 88' lang='lat' dir='ltr'>honore</span> <span class='ocrx_word' id='word_1_229' title='bbox 558 2579 588 2629; x_wconf 92' lang='lat' dir='ltr'>et</span> <span class='ocrx_word' id='word_1_230' title='bbox 606 2572 680 2649; x_wconf 83' lang='lat' dir='ltr'>regis</span> <span class='ocrx_word' id='word_1_231' title='bbox 694 2571 805 2628; x_wconf 90' lang='lat' dir='ltr'>nomine</span> <span class='ocrx_word' id='word_1_232' title='bbox 820 2571 954 2629; x_wconf 79' lang='lat' dir='ltr'>affeceris.</span> <span class='ocrx_word' id='word_1_233' title='bbox 998 2579 1041 2631; x_wconf 84' lang='lat'>15.</span> <span class='ocrx_word' id='word_1_234' title='bbox 1065 2574 1094 2630; x_wconf 92' lang='lat' dir='ltr'>Is</span> <span class='ocrx_word' id='word_1_235' title='bbox 1107 2573 1202 2651; x_wconf 73' lang='lat' dir='ltr'>igitur,</span> 
     </span>
     <span class='ocr_line' id='line_1_30' title="bbox 251 2650 1202 2729; baseline 0.003 -22"><span class='ocrx_word' id='word_1_236' title='bbox 251 2670 307 2708; x_wconf 91' lang='lat' dir='ltr'>nou</span> <span class='ocrx_word' id='word_1_237' title='bbox 322 2651 408 2708; x_wconf 92' lang='lat' dir='ltr'>modo</span> <span class='ocrx_word' id='word_1_238' title='bbox 422 2671 439 2707; x_wconf 90' lang='lat' dir='ltr'>a</span> <span class='ocrx_word' id='word_1_239' title='bbox 455 2659 484 2709; x_wconf 93' lang='lat' dir='ltr'>te</span> <span class='ocrx_word' id='word_1_240' title='bbox 498 2651 623 2727; x_wconf 87' lang='lat' dir='ltr'>periculo</span> <span class='ocrx_word' id='word_1_241' title='bbox 637 2650 781 2717; x_wconf 87' lang='lat' dir='ltr'>liberatus,</span> <span class='ocrx_word' id='word_1_242' title='bbox 797 2651 847 2707; x_wconf 92' lang='lat' dir='ltr'>sed</span> <span class='ocrx_word' id='word_1_243' title='bbox 867 2651 953 2707; x_wconf 87' lang='lat' dir='ltr'>etiam</span> <span class='ocrx_word' id='word_1_244' title='bbox 967 2651 1072 2708; x_wconf 90' lang='lat' dir='ltr'>honore</span> <span class='ocrx_word' id='word_1_245' title='bbox 1086 2653 1202 2729; x_wconf 90' lang='lat' dir='ltr'>amplis·</span> 
     </span>
     <span class='ocr_line' id='line_1_31' title="bbox 204 2728 1201 2807; baseline 0.003 -21"><span class='ocrx_word' id='word_1_246' title='bbox 204 2733 243 2786; x_wconf 75' lang='lat'>80</span> <span class='ocrx_word' id='word_1_247' title='bbox 252 2730 322 2787; x_wconf 91' lang='lat' dir='ltr'>simo</span> <span class='ocrx_word' id='word_1_248' title='bbox 346 2737 471 2796; x_wconf 87' lang='lat' dir='ltr'>ornatus,</span> <span class='ocrx_word' id='word_1_249' title='bbox 500 2730 627 2807; x_wconf 82' lang='lat' dir='ltr'>arguitur</span> <span class='ocrx_word' id='word_1_250' title='bbox 651 2728 728 2786; x_wconf 93' lang='lat' dir='ltr'>domi</span> <span class='ocrx_word' id='word_1_251' title='bbox 751 2736 781 2785; x_wconf 91' lang='lat' dir='ltr'>te</span> <span class='ocrx_word' id='word_1_252' title='bbox 804 2746 864 2785; x_wconf 85' lang='lat' dir='ltr'>suae</span> <span class='ocrx_word' id='word_1_253' title='bbox 890 2729 1046 2788; x_wconf 88' lang='lat' dir='ltr'>interficere</span> <span class='ocrx_word' id='word_1_254' title='bbox 1070 2731 1201 2789; x_wconf 87' lang='lat' dir='ltr'>voluisse.</span> 
     </span>
     <span class='ocr_line' id='line_1_32' title="bbox 252 2806 1202 2886; baseline 0.003 -21"><span class='ocrx_word' id='word_1_255' title='bbox 252 2808 337 2878; x_wconf 81' lang='lat' dir='ltr'>Quod</span> <span class='ocrx_word' id='word_1_256' title='bbox 351 2816 391 2876; x_wconf 87' lang='lat' dir='ltr'>tu,</span> <span class='ocrx_word' id='word_1_257' title='bbox 406 2808 457 2866; x_wconf 89' lang='lat' dir='ltr'>nisi</span> <span class='ocrx_word' id='word_1_258' title='bbox 472 2827 537 2865; x_wconf 90' lang='lat' dir='ltr'>eum</span> <span class='ocrx_word' id='word_1_259' title='bbox 551 2807 766 2864; x_wconf 80' lang='lat' dir='ltr'>furiosissimum</span> <span class='ocrx_word' id='word_1_260' title='bbox 783 2806 902 2885; x_wconf 88' lang='lat' dir='ltr'>judices,</span> <span class='ocrx_word' id='word_1_261' title='bbox 918 2808 1054 2885; x_wconf 84' lang='lat' dir='ltr'>suspicari</span> <span class='ocrx_word' id='word_1_262' title='bbox 1073 2810 1202 2886; x_wconf 83' lang='lat' dir='ltr'>profecto</span> 
     </span>
     <span class='ocr_line' id='line_1_33' title="bbox 251 2886 1202 2965; baseline 0.002 -21"><span class='ocrx_word' id='word_1_263' title='bbox 251 2906 307 2945; x_wconf 92' lang='lat' dir='ltr'>non</span> <span class='ocrx_word' id='word_1_264' title='bbox 326 2895 416 2965; x_wconf 82' lang='lat' dir='ltr'>potes.</span> <span class='ocrx_word' id='word_1_265' title='bbox 459 2887 501 2944; x_wconf 88' lang='lat' dir='ltr'>Ut</span> <span class='ocrx_word' id='word_1_266' title='bbox 514 2887 587 2943; x_wconf 90' lang='lat' dir='ltr'>euim</span> <span class='ocrx_word' id='word_1_267' title='bbox 601 2886 739 2952; x_wconf 87' lang='lat' dir='ltr'>omittam,</span> <span class='ocrx_word' id='word_1_268' title='bbox 755 2886 836 2963; x_wconf 85' lang='lat' dir='ltr'>cujus</span> <span class='ocrx_word' id='word_1_269' title='bbox 850 2886 920 2943; x_wconf 84' lang='lat' dir='ltr'>tanti</span> <span class='ocrx_word' id='word_1_270' title='bbox 934 2888 1047 2944; x_wconf 87' lang='lat' dir='ltr'>sceleris</span> <span class='ocrx_word' id='word_1_271' title='bbox 1067 2888 1160 2954; x_wconf 83' lang='lat' dir='ltr'>fuerit,</span> <span class='ocrx_word' id='word_1_272' title='bbox 1173 2890 1202 2946; x_wconf 93' lang='lat' dir='ltr'>in</span> 
     </span>
     <span class='ocr_line' id='line_1_34' title="bbox 252 2964 1202 3044; baseline -0.001 -20"><span class='ocrx_word' id='word_1_273' title='bbox 252 2973 406 3044; x_wconf 86' lang='lat' dir='ltr'>conspectu</span> <span class='ocrx_word' id='word_1_274' title='bbox 420 2965 538 3024; x_wconf 89' lang='lat' dir='ltr'>deorum</span> <span class='ocrx_word' id='word_1_275' title='bbox 552 2965 699 3041; x_wconf 86' lang='lat' dir='ltr'>penatium</span> <span class='ocrx_word' id='word_1_276' title='bbox 712 2983 813 3021; x_wconf 88' lang='lat' dir='ltr'>necare</span> <span class='ocrx_word' id='word_1_277' title='bbox 834 2964 991 3042; x_wconf 89' lang='lat' dir='ltr'>hospitem;</span> <span class='ocrx_word' id='word_1_278' title='bbox 1012 2967 1094 3043; x_wconf 90' lang='lat' dir='ltr'>cujus</span> <span class='ocrx_word' id='word_1_279' title='bbox 1113 2974 1202 3024; x_wconf 82' lang='lat' dir='ltr'>tnutae</span> 
     </span>
     <span class='ocr_line' id='line_1_35' title="bbox 251 3044 1201 3122; baseline 0.001 -21"><span class='ocrx_word' id='word_1_280' title='bbox 251 3045 470 3122; x_wconf 88' lang='lat' dir='ltr'>importunitatis</span> <span class='ocrx_word' id='word_1_281' title='bbox 484 3045 608 3101; x_wconf 89' lang='lat' dir='ltr'>omnium</span> <span class='ocrx_word' id='word_1_282' title='bbox 632 3044 760 3120; x_wconf 86' lang='lat' dir='ltr'>gentium</span> <span class='ocrx_word' id='word_1_283' title='bbox 773 3055 860 3119; x_wconf 86' lang='lat' dir='ltr'>atque</span> <span class='ocrx_word' id='word_1_284' title='bbox 877 3045 968 3100; x_wconf 90' lang='lat' dir='ltr'>omnis</span> <span class='ocrx_word' id='word_1_285' title='bbox 988 3045 1129 3101; x_wconf 86' lang='lat' dir='ltr'>memoriae</span> <span class='ocrx_word' id='word_1_286' title='bbox 1144 3048 1201 3103; x_wconf 83' lang='lat' dir='ltr'>cla·</span> 
     </span>
     <span class='ocr_line' id='line_1_36' title="bbox 203 3121 1200 3200; baseline 0 -19"><span class='ocrx_word' id='word_1_287' title='bbox 203 3124 390 3183; x_wconf 63' lang='lat' dir='ltr'>&amp;onesimum</span> <span class='ocrx_word' id='word_1_288' title='bbox 410 3124 507 3181; x_wconf 91' lang='lat' dir='ltr'>lumen</span> <span class='ocrx_word' id='word_1_289' title='bbox 520 3122 716 3200; x_wconf 81' lang='lat' dir='ltr'>exstinguere;</span> <span class='ocrx_word' id='word_1_290' title='bbox 738 3121 819 3199; x_wconf 88' lang='lat' dir='ltr'>cujus</span> <span class='ocrx_word' id='word_1_291' title='bbox 840 3128 928 3179; x_wconf 84' lang='lat' dir='ltr'>tantae</span> <span class='ocrx_word' id='word_1_292' title='bbox 948 3123 1099 3180; x_wconf 81' lang='lat' dir='ltr'>ferocitatis</span> <span class='ocrx_word' id='word_1_293' title='bbox 1113 3123 1200 3181; x_wconf 89' lang='lat' dir='ltr'>victo-</span> 
     </span>
     <span class='ocr_line' id='line_1_37' title="bbox 250 3201 1202 3277; baseline 0 -17"><span class='ocrx_word' id='word_1_294' title='bbox 250 3222 310 3260; x_wconf 90' lang='lat' dir='ltr'>rem</span> <span class='ocrx_word' id='word_1_295' title='bbox 325 3202 399 3261; x_wconf 86' lang='lat' dir='ltr'>orbis</span> <span class='ocrx_word' id='word_1_296' title='bbox 421 3210 560 3260; x_wconf 88' lang='lat' dir='ltr'>terrarum</span> <span class='ocrx_word' id='word_1_297' title='bbox 580 3220 636 3258; x_wconf 92' lang='lat' dir='ltr'>non</span> <span class='ocrx_word' id='word_1_298' title='bbox 650 3201 848 3266; x_wconf 80' lang='lat' dir='ltr'>extimescere;</span> <span class='ocrx_word' id='word_1_299' title='bbox 869 3201 951 3277; x_wconf 90' lang='lat' dir='ltr'>cujus</span> <span class='ocrx_word' id='word_1_300' title='bbox 974 3209 1034 3258; x_wconf 86' lang='lat' dir='ltr'>tam</span> <span class='ocrx_word' id='word_1_301' title='bbox 1056 3203 1202 3260; x_wconf 89' lang='lat' dir='ltr'>inhumani</span> 
     </span>
     <span class='ocr_line' id='line_1_38' title="bbox 251 3279 1202 3359; baseline -0.002 -20"><span class='ocrx_word' id='word_1_302' title='bbox 251 3288 281 3339; x_wconf 90' lang='lat' dir='ltr'>et</span> <span class='ocrx_word' id='word_1_303' title='bbox 293 3281 395 3359; x_wconf 82' lang='lat' dir='ltr'>ingrati</span> <span class='ocrx_word' id='word_1_304' title='bbox 408 3282 501 3349; x_wconf 90' lang='lat' dir='ltr'>animi,</span> <span class='ocrx_word' id='word_1_305' title='bbox 516 3298 534 3337; x_wconf 88' lang='lat' dir='ltr'>a</span> <span class='ocrx_word' id='word_1_306' title='bbox 547 3299 604 3357; x_wconf 92' lang='lat' dir='ltr'>quo</span> <span class='ocrx_word' id='word_1_307' title='bbox 617 3298 667 3336; x_wconf 85' lang='lat' dir='ltr'>rex</span> <span class='ocrx_word' id='word_1_308' title='bbox 681 3279 842 3356; x_wconf 90' lang='lat' dir='ltr'>appellatus</span> <span class='ocrx_word' id='word_1_309' title='bbox 860 3287 943 3346; x_wconf 89' lang='lat' dir='ltr'>esset,</span> <span class='ocrx_word' id='word_1_310' title='bbox 957 3280 986 3336; x_wconf 92' lang='lat' dir='ltr'>in</span> <span class='ocrx_word' id='word_1_311' title='bbox 1000 3299 1034 3337; x_wconf 93' lang='lat' dir='ltr'>eo</span> <span class='ocrx_word' id='word_1_312' title='bbox 1050 3289 1202 3356; x_wconf 87' lang='lat' dir='ltr'>tyrannum</span> 
     </span>
     <span class='ocr_line' id='line_1_39' title="bbox 250 3358 1201 3434; baseline -0.001 -18"><span class='ocrx_word' id='word_1_313' title='bbox 250 3359 380 3417; x_wconf 88' lang='lat' dir='ltr'>inveniri:</span> <span class='ocrx_word' id='word_1_314' title='bbox 402 3367 435 3417; x_wconf 92' lang='lat' dir='ltr'>ut</span> <span class='ocrx_word' id='word_1_315' title='bbox 459 3360 520 3418; x_wconf 84' lang='lat' dir='ltr'>haeo</span> <span class='ocrx_word' id='word_1_316' title='bbox 544 3358 682 3424; x_wconf 85' lang='lat' dir='ltr'>omittam,</span> <span class='ocrx_word' id='word_1_317' title='bbox 705 3358 786 3434; x_wconf 89' lang='lat' dir='ltr'>cujus</span> <span class='ocrx_word' id='word_1_318' title='bbox 810 3358 881 3414; x_wconf 86' lang='lat' dir='ltr'>tanti</span> <span class='ocrx_word' id='word_1_319' title='bbox 901 3358 1003 3415; x_wconf 83' lang='lat' dir='ltr'>furoris</span> <span class='ocrx_word' id='word_1_320' title='bbox 1024 3358 1078 3415; x_wconf 83' lang='lat' dir='ltr'>fuit</span> <span class='ocrx_word' id='word_1_321' title='bbox 1102 3378 1201 3416; x_wconf 84' lang='lat' dir='ltr'>omnes</span> 
     </span>
     <span class='ocr_line' id='line_1_40' title="bbox 251 3436 1200 3516; baseline -0.001 -22"><span class='ocrx_word' id='word_1_322' title='bbox 251 3457 340 3516; x_wconf 84' lang='lat' dir='ltr'>reges,</span> <span class='ocrx_word' id='word_1_323' title='bbox 355 3457 476 3515; x_wconf 91' lang='lat' dir='ltr'>quorum</span> <span class='ocrx_word' id='word_1_324' title='bbox 490 3438 571 3494; x_wconf 90' lang='lat' dir='ltr'>multi</span> <span class='ocrx_word' id='word_1_325' title='bbox 592 3444 672 3494; x_wconf 88' lang='lat' dir='ltr'>erant</span> <span class='ocrx_word' id='word_1_326' title='bbox 695 3436 812 3502; x_wconf 92' lang='lat' dir='ltr'>finitimi,</span> <span class='ocrx_word' id='word_1_327' title='bbox 828 3455 925 3493; x_wconf 91' lang='lat' dir='ltr'>omnes</span> <span class='ocrx_word' id='word_1_328' title='bbox 946 3437 1048 3495; x_wconf 87' lang='lat' dir='ltr'>liberos</span> <span class='ocrx_word' id='word_1_329' title='bbox 1069 3438 1200 3514; x_wconf 92' lang='lat' dir='ltr'>populos,</span> 
     </span>
     <span class='ocr_line' id='line_1_41' title="bbox 203 3514 1200 3592; baseline -0.001 -19"><span class='ocrx_word' id='word_1_330' title='bbox 203 3520 349 3574; x_wconf 80' lang='lat' dir='ltr'>400mnes</span> <span class='ocrx_word' id='word_1_331' title='bbox 372 3517 471 3583; x_wconf 86' lang='lat' dir='ltr'>socios,</span> <span class='ocrx_word' id='word_1_332' title='bbox 496 3534 593 3573; x_wconf 91' lang='lat' dir='ltr'>omues</span> <span class='ocrx_word' id='word_1_333' title='bbox 621 3514 785 3591; x_wconf 85' lang='lat' dir='ltr'>provincias,</span> <span class='ocrx_word' id='word_1_334' title='bbox 809 3515 903 3571; x_wconf 91' lang='lat' dir='ltr'>omnia</span> <span class='ocrx_word' id='word_1_335' title='bbox 930 3515 1051 3592; x_wconf 88' lang='lat' dir='ltr'>denique</span> <span class='ocrx_word' id='word_1_336' title='bbox 1075 3516 1200 3573; x_wconf 89' lang='lat' dir='ltr'>omnium</span> 
     </span>
     <span class='ocr_line' id='line_1_42' title="bbox 250 3593 1201 3661; baseline 0 -11"><span class='ocrx_word' id='word_1_337' title='bbox 250 3612 331 3651; x_wconf 86' lang='lat' dir='ltr'>arma</span> <span class='ocrx_word' id='word_1_338' title='bbox 354 3603 452 3653; x_wconf 87' lang='lat' dir='ltr'>contra</span> <span class='ocrx_word' id='word_1_339' title='bbox 475 3612 506 3651; x_wconf 86' lang='lat' dir='ltr'>sc</span> <span class='ocrx_word' id='word_1_340' title='bbox 525 3612 614 3650; x_wconf 88' lang='lat' dir='ltr'>unum</span> <span class='ocrx_word' id='word_1_341' title='bbox 634 3593 777 3650; x_wconf 75' lang='lat' dir='ltr'>excitare?</span> <span class='ocrx_word' id='word_1_342' title='bbox 819 3593 948 3661; x_wconf 79' lang='lat' dir='ltr'>Quonam</span> <span class='ocrx_word' id='word_1_343' title='bbox 968 3594 1014 3651; x_wconf 91' lang='lat' dir='ltr'>ille</span> <span class='ocrx_word' id='word_1_344' title='bbox 1035 3594 1120 3651; x_wconf 91' lang='lat' dir='ltr'>modo</span> <span class='ocrx_word' id='word_1_345' title='bbox 1134 3612 1201 3651; x_wconf 90' lang='lat' dir='ltr'>cum</span> 
     </span>
     <span class='ocr_line' id='line_1_43' title="bbox 250 3671 1200 3751; baseline -0.002 -21"><span class='ocrx_word' id='word_1_346' title='bbox 250 3692 347 3751; x_wconf 82' lang='lat' dir='ltr'>regno,</span> <span class='ocrx_word' id='word_1_347' title='bbox 372 3692 438 3731; x_wconf 91' lang='lat' dir='ltr'>oum</span> <span class='ocrx_word' id='word_1_348' title='bbox 460 3672 555 3739; x_wconf 87' lang='lat' dir='ltr'>domo,</span> <span class='ocrx_word' id='word_1_349' title='bbox 579 3689 643 3729; x_wconf 87' lang='lat' dir='ltr'>cum</span> <span class='ocrx_word' id='word_1_350' title='bbox 667 3671 797 3749; x_wconf 79' lang='lat' dir='ltr'>conjuge,</span> <span class='ocrx_word' id='word_1_351' title='bbox 823 3691 888 3728; x_wconf 89' lang='lat' dir='ltr'>cum</span> <span class='ocrx_word' id='word_1_352' title='bbox 913 3672 1056 3729; x_wconf 89' lang='lat' dir='ltr'>carissimo</span> <span class='ocrx_word' id='word_1_353' title='bbox 1080 3671 1136 3729; x_wconf 87' lang='lat' dir='ltr'>filio</span> <span class='ocrx_word' id='word_1_354' title='bbox 1157 3672 1200 3729; x_wconf 91' lang='lat' dir='ltr'>di·</span> 
     </span>
     <span class='ocr_line' id='line_1_44' title="bbox 250 3749 1202 3827; baseline -0.002 -16"><span class='ocrx_word' id='word_1_355' title='bbox 250 3759 374 3811; x_wconf 87' lang='lat' dir='ltr'>stractus</span> <span class='ocrx_word' id='word_1_356' title='bbox 395 3759 574 3820; x_wconf 84' lang='lat' dir='ltr'>esset‚&#39;tnnto</span> <span class='ocrx_word' id='word_1_357' title='bbox 594 3749 699 3808; x_wconf 90' lang='lat' dir='ltr'>scelere</span> <span class='ocrx_word' id='word_1_358' title='bbox 719 3769 776 3807; x_wconf 89' lang='lat' dir='ltr'>non</span> <span class='ocrx_word' id='word_1_359' title='bbox 789 3749 876 3807; x_wconf 91' lang='lat' dir='ltr'>modo</span> <span class='ocrx_word' id='word_1_360' title='bbox 896 3750 1032 3827; x_wconf 85' lang='lat' dir='ltr'>perfecto,</span> <span class='ocrx_word' id='word_1_361' title='bbox 1048 3750 1202 3809; x_wconf 88' lang='lat' dir='ltr'>sedetiam</span> 
     </span>
    </p>
   </div>
   <div class='ocr_carea' id='block_1_3' title="bbox 249 3831 399 3910">
    <p class='ocr_par' dir='ltr' id='par_1_4' title="bbox 249 3831 399 3910">
     <span class='ocr_line' id='line_1_45' title="bbox 249 3831 399 3910; baseline -0.027 -17"><span class='ocrx_word' id='word_1_362' title='bbox 249 3831 399 3910; x_wconf 78' lang='lat' dir='ltr'>cogitato?</span> 
     </span>
    </p>
   </div>
   <div class='ocr_carea' id='block_1_4' title="bbox 0 0 1376 4384">
    <p class='ocr_par' dir='ltr' id='par_1_5' title="bbox 0 0 1376 4384">
     <span class='ocr_line' id='line_1_46' title="bbox 0 0 1376 4384; baseline 0 3"><span class='ocrx_word' id='word_1_363' title='bbox 0 0 1376 4384; x_wconf 95' lang='lat' dir='ltr'> </span> 
     </span>
    </p>
   </div>
  </div>
 </body>
</html>
