2742 4384
402 251 470 292 eno
484 252 516 291 rr.
530 250 693 302 menno,
708 252 776 293 oar.
792 252 832 293 rr.
1107 237 1147 294 60

123 396 187 436 uam
207 378 399 458 dignitatem,
415 382 485 440 haec
506 382 555 458 qui
574 382 650 448 facit,
663 402 721 441 non
741 402 796 460 ego
810 402 875 440 eum
898 402 963 440 cum
981 381 1099 441 summis

124 459 187 516 viris
206 479 360 537 comparo,
378 462 439 519 sed
466 461 636 519 simillimum
661 462 716 519 deo
739 462 845 539 judico.
889 470 915 519 9.
939 463 1047 539 Itaque,
1064 463 1096 520 0.

126 538 229 606 Oaesar,
245 539 364 597 bellicae
381 549 447 597 tuae
472 540 573 597 laudes
588 541 887 599 celebrabuntur-{tle
906 542 1020 618 quidem
1042 562 1097 599 uon

124 617 186 675 solis
201 619 319 686 nostrie,
329 619 388 677 sed
404 639 495 697 paene
505 620 628 677 omnium
642 621 769 698 gentium
785 620 871 677 literis
885 632 970 697 atque
985 621 1095 697 linguis,

123 715 173 754 nec
193 699 252 755 ulla
273 718 416 775 unquam
438 708 513 756 aetas
538 699 574 755 de
597 699 653 756 tuis
673 698 806 757 laudibus
830 700 1017 757 conticescet:
1045 700 1124 757 sede

123 784 217 833 tamen
231 778 386 855 ejusmodi
400 797 452 835 res
467 778 562 835 nescio
582 779 726 855 quomodo
740 778 825 835 etiarn
839 798 927 855 quum
954 779 1095 855 leguntur,

124 856 248 935 obstrepi
270 857 409 916 clamore
433 857 559 914 militum
579 857 711 914 videntur
730 866 761 915 et
786 857 918 915 tubarum
934 878 1011 915 sono,
1054 861 1097 916 At

123 953 187 992 vero
208 956 301 1013 quum
323 936 443 1014 aliquid
468 937 629 1002 clementer,
649 946 805 1001 mansuete,
828 937 914 1014 juste,
940 938 1095 1004 moderate,

123 1014 264 1092 sapienter
285 1016 418 1083 factum,
444 1015 474 1072 in
494 1015 638 1073 iracundia
659 1017 825 1093 praesertim,
840 1034 905 1092 quae
919 1028 962 1073 est
987 1016 1095 1075 inimica

124 1095 245 1163 consilio,
262 1105 294 1154 et
319 1096 351 1152 in
367 1094 581 1171 victoriaque
595 1104 695 1151 natura
715 1095 837 1152 insolens
851 1104 881 1152 et
904 1097 1027 1173 superba
1041 1106 1093 1161 est,
1106 1098 1143 1153 10

124 1173 254 1232 audimus
269 1183 325 1232 aut
346 1174 488 1252 legimus
504 1192 561 1250 quo
581 1174 675 1231 studio
689 1174 872 1241 incendimur,
887 1194 943 1233 nou
957 1176 1042 1232 modo
1067 1176 1094 1233 in

124 1254 209 1331 gestis
222 1256 324 1321 rebus,
342 1254 401 1312 sed
417 1253 505 1310 etiam
519 1252 546 1310 iu
560 1253 642 1319 fictis,
651 1261 685 1310 ut
699 1273 749 1311 eos
762 1273 848 1331 supe,
863 1274 935 1330 quos
950 1274 1094 1331 nunquam

124 1332 253 1401 vidimus,
269 1332 457 1412 diligamus!
509 1338 554 1390 10.
575 1333 614 1389 Te
628 1351 704 1400 vero,
719 1352 803 1409 quem
820 1346 989 1411 praesentem
1004 1335 1093 1391 intue-

124 1429 194 1478 mur,
209 1414 295 1490 cujus
317 1420 455 1470 mentem
470 1429 624 1489 sensusque
638 1421 668 1469 et
688 1431 720 1469 os
741 1412 888 1479 cernimus,
904 1422 936 1470 ut
956 1413 1092 1490 quidquid

121 1491 188 1565 belli
211 1493 334 1551 fortuna
347 1492 499 1567 reliquum
520 1491 560 1547 rei
581 1491 703 1569 publicae
724 1491 830 1559 feeerit,
845 1492 872 1549 id
897 1512 959 1550 esse
983 1493 1093 1550 salvum
1105 1494 1141 1551 lt

125 1571 200 1639 velis,
215 1574 326 1649 quibus
347 1571 492 1629 laudibus
506 1571 676 1628 efferemus?
697 1570 800 1647 quibus
821 1571 921 1629 studiis
942 1592 1023 1650 prose
1046 1591 1092 1630 ue·

125 1652 207 1707 mur‘l
229 1672 290 1729 qua
312 1649 520 1711 benevolentia
540 1650 785 1727 complectemur?
826 1651 960 1717 Parietes,
981 1592 1093 1709 medius

126 1730 215 1798 fidius,
243 1739 279 1789 ut
309 1730 385 1788 mihi
414 1728 537 1796 videtur,
565 1729 650 1806 hujus
677 1728 762 1785 curie
790 1729 840 1787 tibi
867 1731 973 1808 gratias
1006 1749 1092 1807 agere

127 1810 260 1886 gestiunt,
276 1810 362 1888 quod
383 1807 467 1865 brevi
480 1816 608 1884 tempore
622 1807 719 1865 futura
732 1808 769 1865 sit
782 1808 829 1865 illa
842 1809 995 1866 auctoritas
1009 1809 1036 1864 in
1051 1809 1093 1865 bis

126 1889 269 1966 majorum
284 1907 410 1961 suqrum
425 1894 456 1944 et
469 1886 527 1943 suis
540 1886 662 1945 sedibus.
1103 1889 1141 1945 20

166 1969 219 2026 IV.
241 1966 394 2045 Equidem
415 1985 505 2043 quum
520 1966 553 2023 Ο.
567 1966 694 2024 Marcelli
708 1965 760 2023 viri
780 1966 879 2044 optimi
904 1974 934 2025 et
950 1966 1092 2043 incompa-

125 2048 205 2105 rabili
233 2049 349 2125 pietate
378 2045 495 2123 praediti
522 2044 650 2102 lacrimas
672 2045 760 2102 modo
780 2048 926 2104 vobiscum
957 2046 1090 2115 viderem,

126 2128 253 2185 omnium
269 2126 479 2183 Marcellorum
489 2144 584 2182 meum
599 2133 700 2202 pectus
714 2125 849 2182 memoria
857 2125 979 2193 obfudit,
989 2127 1091 2202 quibus

126 2213 159 2262 tu
173 2208 263 2264 etiam
277 2204 410 2272 mortuis,
425 2205 465 2262 M.
482 2203 617 2261 Marcello
631 2213 807 2270 conservato,
827 2204 993 2283 dignitatern
1010 2225 1090 2262 suam

127 2286 285 2344 reddidisti
295 2284 557 2359 nobilissimamque
566 2283 699 2340 familiam
710 2284 771 2361 jam
780 2283 817 2340 ad
829 2303 936 2360 paucos
948 2284 1090 2341 redactam
1101 2287 1138 2341 25

128 2384 213 2442 paene
228 2367 270 2423 ab
286 2365 403 2421 interitu
417 2362 573 2420 vindicasti.
616 2369 660 2420 11.
684 2363 769 2420 Hunc
790 2370 822 2419 tu
841 2363 927 2441 igitur
947 2363 1021 2421 diem
1036 2363 1091 2420 tuis

128 2445 262 2502 maximis
278 2451 309 2500 et
328 2441 580 2500 innumerabilibus
594 2442 829 2520 gratulationibus
847 2443 912 2519 jure
933 2442 1089 2519 anteponis.

129 2522 202 2582 Haeo
224 2523 306 2582 enim
328 2541 374 2579 res
395 2520 479 2579 unius
494 2527 537 2578 est
556 2521 668 2599 propria
690 2520 827 2577 Oaesaris:
849 2532 953 2580 ceterae
968 2522 1040 2579 duce
1061 2532 1090 2579 te

131 2611 231 2678 gestae‚
253 2621 369 2680 magnae
395 2601 453 2658 illae
477 2599 600 2676 quidem,
625 2601 676 2658 sed
700 2610 795 2657 tamen
819 2602 909 2658 multo
931 2620 1090 2680 magnoque

132 2683 281 2739 comitatu.
324 2681 422 2758 Hujus
436 2688 535 2736 autem
558 2679 598 2736 rei
621 2687 654 2737 tu
673 2680 749 2737 idem
763 2699 794 2737 es
808 2687 838 2737 et
858 2680 917 2736 dur
937 2690 967 2738 et
985 2700 1088 2746 comes,
1100 2682 1139 2736 30

132 2779 196 2836 quae
213 2760 331 2836 quidem
350 2768 431 2816 tauta
445 2766 497 2826 est,
519 2765 553 2815 ut
565 2759 643 2816 nulla
655 2759 772 2836 tropaeis
786 2768 815 2816 et
834 2760 1021 2816 monumentis
1035 2760 1090 2817 tuis

132 2839 257 2896 allatura
271 2840 357 2896 finem
367 2840 403 2896 sit
418 2845 506 2896 aetas:
528 2838 596 2895 nihil
604 2845 648 2895 est
661 2838 734 2895 enim
743 2857 829 2914 opere
839 2845 868 2895 et
878 2857 962 2896 manu
973 2840 1089 2905 lactum,

132 2919 212 2993 quod
226 2938 284 2976 non
297 2917 451 2993 aliquando
466 2917 594 2974 conficiat
614 2925 643 2974 et
657 2925 806 2973 consumat
824 2926 969 2975 vetustas:
994 2924 1039 2975 12.
1060 2924 1091 2974 at

132 2997 199 3056 baec
213 3006 265 3054 tua
277 2997 388 3075 justitia
401 3004 432 3054 et
452 2996 552 3053 lenitas
565 2996 649 3054 animi
663 2996 787 3053 florescit
800 2996 923 3072 qnotidie
938 2995 1036 3074 magis,
1051 2996 1091 3053 ita

133 3083 166 3133 ut
176 3084 319 3152 quantum
340 3075 396 3133 tuis
411 3075 545 3152 operibus
560 3075 728 3132 diuturnitas
742 3075 881 3143 detrahet,
896 3084 1008 3132 tantum
1022 3075 1088 3132 affe·
1099 3080 1137 3134 35

133 3163 179 3212 rat
199 3155 343 3212 laudibus
385 3155 424 3211 Et
446 3160 554 3211 ceteros
568 3155 684 3231 quidem
699 3173 796 3211 omnes
810 3154 930 3211 victores
950 3154 1090 3212 bellorum

134 3233 259 3291 civilium
270 3234 331 3311 jam
340 3242 406 3293 ante
418 3232 552 3308 aequitate
566 3240 595 3291 et
608 3232 799 3291 misericordia
812 3234 932 3327 vicpras:
954 3232 1090 3291 hodierno

133 3331 202 3388 vero
226 3313 272 3370 die
296 3313 445 3391 teipsum
469 3311 566 3370 vicisti.
615 3312 723 3370 Vereor
746 3321 780 3368 ut
803 3313 866 3378 hoe,
889 3311 966 3388 quod
988 3310 1089 3383 dicam,

134 3392 253 3468 perinde
276 3392 395 3470 intelligi
410 3390 512 3449 auditu
533 3391 622 3468 possit
646 3399 734 3467 atque
758 3391 819 3467 ipse
833 3391 961 3469 cogitans
982 3390 1088 3448 sentio:

133 3469 226 3547 ipsam
254 3472 401 3530 victoriam
427 3470 528 3528 vicisse
548 3470 659 3536 videris,
682 3489 771 3546 quum
798 3488 840 3535 ea,
865 3487 930 3546 quae
954 3468 1002 3525 illa
1029 3472 1138 3525 erardo

134 3550 249 3628 adepta,
264 3551 346 3609 victis
368 3548 508 3608 remisisti.
550 3549 626 3606 Nam
646 3568 735 3624 quum
756 3549 843 3625 ipsius
857 3547 980 3605 victoriae
994 3547 1089 3603 condi·

93 3698 98 3705 ,
133 3629 209 3687 tione
223 3649 323 3688 omues
337 3630 406 3686 victi
427 3627 635 3694 occidissemus,
651 3618 806 3684 clementiae
826 3636 885 3684 tuae
903 3625 1010 3704 judicio
1024 3645 1088 3682 con·

133 3709 237 3766 servati
250 3729 359 3768 sumus.
403 3708 495 3765 Recte
515 3705 601 3784 igitur
620 3725 695 3763 unus
707 3705 828 3765 invictus
842 3726 882 3774 es,
897 3724 914 3762 a
934 3723 991 3781 quo
1005 3703 1091 3762 etiam

96 3802 104 3853 3
131 3787 220 3868 ipsius
232 3789 361 3851 victoriae
377 3784 505 3846 conditio
517 3784 615 3863 visque
628 3785 741 3844 devicta
755 3792 806 3846 est.
