2742 4384
194 906 468 1019 anon
519 905 1121 1073 antonino-

611 1138 659 1180 Al)

417 1279 849 1372 CAESAREM

529 1495 740 1570 οιιιιι.

463 1748 802 1765 ψ

197 1947 221 2005 L
266 1952 292 2004 1.
315 1945 436 2014 ouon
427 1965 457 2003 ιιι
480 1945 609 2004 omnibus
629 1946 721 2004 causis
744 1944 929 2036 gravioribus,
949 1945 982 2003 0.
999 1945 1107 2015 Ooesar,

158 2025 235 2087 initio
249 2024 363 2082 dicendi
383 2025 553 2082 commoveri
573 2025 678 2083 soleam
693 2025 896 2091 vehementius,
911 2043 997 2102 quam
1012 2024 1106 2082 videa·

158 2112 205 2162 tur
217 2104 264 2161 vel
285 2123 356 2160 usus
368 2104 415 2161 vel
435 2111 506 2161 aetas
519 2122 585 2160 mea
598 2104 751 2181 postulare,
766 2111 828 2160 tum
847 2103 876 2160 in
897 2105 951 2161 hac
964 2122 1050 2161 causa
1067 2104 1107 2161 ita

158 2202 204 2240 me
228 2183 321 2240 multa
344 2182 520 2258 perturbant,
541 2189 582 2249 ut,
596 2191 737 2259 quantum
756 2200 820 2239 mea
843 2181 914 2239 fides
928 2182 1013 2240 studii
1037 2183 1105 2240 mibi

158 2262 259 2319 afferat
282 2259 321 2317 ad
348 2260 470 2318 salutem
493 2260 567 2338 regis
594 2260 721 2318 Deiotari
748 2258 964 2327 defendendam,
994 2269 1105 2318 tantum
1136 2271 1154 2323 ι

158 2339 304 2398 facultatis
327 2339 412 2397 timor
426 2339 565 2397 detrahat.
605 2339 735 2396 Primum
749 2339 813 2396 dico
837 2358 890 2416 pro
910 2339 1002 2417 capite
1015 2338 1105 2395 fortu-

158 2420 259 2495 nisque
282 2418 377 2495 regis3
407 2417 485 2495 quod
511 2418 606 2495 ipsum
629 2418 682 2475 etsi
706 2436 762 2475 non
785 2417 912 2495 iniquum
936 2426 980 2475 est
1002 2417 1031 2475 in
1056 2424 1106 2475 tuo

160 2498 313 2555 dumtaxat
333 2496 466 2573 periculo,
480 2503 577 2553 tamen
596 2505 640 2554 est
659 2496 700 2554 ita
719 2496 892 2563 inusitatum,
907 2515 1004 2574 regem
1025 2514 1105 2554 reum

161 2577 260 2654 capitis
271 2593 342 2642 esse,
353 2582 386 2632 ut
399 2583 465 2632 ante
478 2575 533 2632 boe
546 2581 661 2653 tempus
671 2594 728 2632 non
737 2575 774 2631 ιιι
784 2574 921 2632 auditum
954 2581 979 2633 2.
995 2575 1105 2634 Deinde

161 2673 227 2712 eum
240 2672 348 2732 regem,
359 2672 446 2730 quem
460 2671 559 2710 ornare
578 2662 662 2711 antea
676 2662 780 2711 cuncto
799 2673 865 2710 cum
879 2662 979 2710 senatu
995 2654 1103 2712 soleba·
1117 2661 1154 2713 10

161 2753 225 2791 mus
249 2751 303 2810 pro
323 2732 469 2822 perpetuis
480 2732 544 2823 ejus
563 2731 592 2789 in
605 2739 731 2789 nostram
750 2750 810 2788 rem
832 2732 975 2809 publicam
989 2733 1103 2799 meritis,

161 2832 235 2870 nuno
249 2818 348 2869 eontra
361 2811 567 2868 atrocissimum
581 2811 685 2868 crimen
705 2829 792 2888 cogor
812 2810 971 2869 defendere.
1013 2812 1104 2868 Acce-

162 2890 211 2957 dit,
225 2899 259 2948 ut
272 2897 471 2948 accusatorum
485 2889 918 2955 alteriuscrudelitate,alte1ius
937 2889 1104 2980 indignitate

163 2970 321 3027 conturber.
364 2968 494 3026 Orudelis
510 2969 619 3036 Castor,
634 2987 669 3025 ne
691 2968 784 3026 dicam
798 2968 967 3025 sceleratum
981 2977 1010 3025 et
1023 2968 1104 3045 impi-

163 3067 227 3115 um;
248 3047 298 3123 qui
319 3066 410 3123 nepos
424 3066 510 3104 avum
533 3046 561 3103 in
575 3047 674 3123 capitis
698 3043 847 3104 discrimen
866 3046 1017 3104 adduxerit
1036 3045 1153 3106 ado-15

163 3126 361 3217 lescentiaeque
381 3145 443 3183 suae
465 3132 600 3183 terrorem
623 3125 749 3182 intulerit
737 3125 802 3192 tei,
824 3125 906 3216 cujus
930 3132 1105 3182 senectutem

163 3205 233 3262 tueri
247 3212 276 3261 et
290 3212 388 3282 tegere
399 3205 532 3270 debebat,
542 3203 890 3279 commendationemque
883 3203 1003 3260 meuntis
1013 3202 1105 3259 aetatis

163 3285 199 3342 ab
221 3284 367 3375 impietate
387 3290 418 3340 et
441 3283 547 3339 scelere
572 3282 700 3349 duxerit;
729 3282 775 3339 avi
797 3301 919 3349 servum,
940 3288 1105 3357 corruptum

164 3362 294 3439 praemiis,
306 3361 343 3419 ad
356 3360 551 3420 accusandum
574 3360 719 3419 dominum
739 3360 892 3436 impulerit,
908 3378 926 3417 a
944 3361 1105 3448 legatorum

164 3441 282 3517 pedibus
295 3440 455 3499 abduxerit.
488 3446 515 3495 3.
536 3439 559 3495 F
603 3439 660 3496 tivi
673 3438 924 3495 autemdominum
938 3436 1104 3504 accusantis,
1117 3442 1155 3494 20

164 3519 350 3576 etdominnm
365 3520 514 3577 absentem
528 3523 558 3573 et
596 3517 721 3575 ominum
735 3516 933 3574 amicissimum
947 3524 1051 3574 nostrae
1066 3515 1106 3572 rei

164 3599 293 3674 publicae,
318 3614 410 3675 quum
434 3615 466 3653 os
486 3596 627 3661 videbam,
648 3614 737 3671 quum
757 3596 843 3652 verba
866 3594 1025 3660 audiebam,
1050 3612 1107 3650 non

164 3682 220 3733 tam
234 3677 368 3734 afflictam
382 3675 493 3751 regiam
508 3673 695 3731 conditionem
709 3673 850 3740 dolebam,
865 3692 951 3749 quam
965 3673 1001 3729 de
1017 3672 1105 3730 fortu-

162 3754 203 3812 nis
217 3756 417 3813 communibus
432 3752 659 3809 extimescebam
684 3751 760 3808 Nam
773 3771 861 3827 quum
875 3768 953 3807 more
945 3750 1107 3839 majorum

163 3832 292 3893 deservo
311 3834 342 3895 in
355 3830 506 3893 dominum
518 3848 554 3887 ne
566 3829 714 3887 tormentis
734 3829 848 3907 quidem
862 3827 954 3904 quaeri
973 3826 1086 3894 liceat,
1078 3844 1109 3887 ιιι
