2742 4384
305 246 312 265 ι
418 232 477 273 rao
491 233 521 274 u.
537 233 701 282 usscncao,
716 234 782 274 car.
798 233 849 272 ru.
1118 217 1154 280 τι

109 388 113 389 ’
153 361 279 421 cundem
298 362 428 419 futuram
446 362 533 419 fuisse
547 363 701 421 victoriam.
745 370 790 421 18.
812 362 934 431 Qitidam
958 363 1031 421 enim
1051 380 1108 420 uon

153 442 240 499 modo
261 442 386 507 armatis,
400 441 453 498 sed
472 441 615 498 interdum
635 442 719 499 ctiam
734 442 829 499 otiosis
853 442 1038 509 minabantur,
1055 452 1134 499 nec·

154 521 223 596 quid
246 521 366 597 quisque
390 521 532 588 sensisset,
556 520 609 577 sed
633 520 682 578 ubi
705 521 811 586 suisset,
837 521 1019 598 cogitandum
1044 538 1106 579 esse

153 600 302 657 dicebant:
323 607 357 656 ut
378 599 447 655 mibi
466 599 579 674 quidem
593 599 742 656 videantur
761 600 800 656 dii
820 601 1000 665 immortales,
1020 601 1106 658 etiam

153 678 177 735 si
191 696 325 756 poenasa
345 677 454 755 populo
473 679 602 735 Romano
622 679 660 735 ob
674 678 789 754 aliquod
809 678 944 735 delictum
962 681 1134 757 expetire-5

152 765 229 823 runt,
244 757 294 833 qui
308 757 389 814 civile
410 756 516 814 bellum
530 766 641 814 tautum
655 766 685 814 et
709 767 766 814 tam
792 756 952 815 luctuosum
967 758 1104 816 excitare

153 843 231 902 runt,
253 836 300 893 vel
323 835 429 913 placati
449 836 567 912 jamnel
590 835 684 893 satiati
710 835 862 913 aliquando
886 856 998 894 omnem
1025 854 1106 913 spem

153 915 216 972 salu
267 915 306 971 ad
321 914 498 972 clementiam
512 914 625 972 victoris
638 921 668 972 et
680 915 847 992 sapientiam
857 917 1019 973 contulisse.

195 1001 241 1051 19.
266 994 361 1062 Quare
374 993 470 1071 gaude
484 1002 533 1052 tuo
546 994 601 1051 isto
614 1001 674 1050 tam
687 994 835 1052 excellenti
850 994 940 1052 bono:
969 1006 999 1052 et
1013 995 1105 1051 fruere

152 1060 242 1149 quibu
256 1072 372 1130 fortuna
385 1079 415 1129 et
436 1072 611 1150 gloriatum
624 1072 709 1130 etiam
723 1070 866 1131 naturast
887 1074 1011 1131 moribus
1032 1074 1103 1131 tuis:
1118 1081 1156 1135 10

153 1170 188 1208 ex
202 1170 261 1228 quo
276 1151 391 1228 quidem
404 1152 543 1213 maximus
557 1161 601 1209 est
617 1152 727 1209 fructus
744 1152 962 1228 iucunditasque
976 1153 1103 1230 sapienti.

117 1234 120 1237 ’
154 1222 363 1308 (lateraquubr
385 1237 437 1287 tua
450 1231 643 1297 recordabere,
658 1231 712 1288 etsi
735 1249 863 1308 persepe
884 1231 987 1298 virtuti,
1010 1243 1105 1289 tamen

153 1311 322 1387 plerumque
343 1309 548 1379 falcitatinuae
569 1310 765 1387 gratulabere:
787 1309 823 1367 de
845 1309 934 1377 nobis,
948 1330 1020 1387 quos
1034 1311 1061 1368 in
1075 1328 1105 1368 re

153 1390 270 1466 publica
290 1395 388 1446 tecum
408 1389 491 1447 simul
505 1389 599 1446 salvos
611 1407 673 1446 esse
687 1388 808 1454 voluisti,
823 1388 933 1464 quoties
957 1390 1103 1467 cogitabis,

152 1469 236 1525 toties
257 1467 296 1525 de
315 1467 446 1524 nmximis
466 1468 521 1525 tuis
541 1468 691 1534 beneficiis,
706 1467 791 1525 toties
804 1467 840 1524 de
860 1467 1013 1527 incredibili
1037 1469 1103 1526 libe·
1118 1476 1155 1530 lb

152 1547 273 1614 radiate,
297 1547 383 1604 toties
407 1546 444 1603 de
467 1547 601 1626 singulari
624 1546 762 1624 sapientia
785 1547 1010 1625 tua.cogitabis:
1040 1566 1105 1623 quae

152 1645 208 1684 nou
220 1626 309 1683 modo
323 1643 438 1682 summa
451 1627 534 1693 bona,
544 1626 595 1683 sed
609 1626 740 1683 nimirum
749 1625 862 1683 audebo
871 1627 915 1684 vel
928 1627 988 1684 sola
1002 1627 1104 1685 dicere.

152 1706 259 1763 Tantus
274 1713 319 1762 est
340 1705 416 1762 enim
436 1705 570 1782 splendor
588 1705 618 1762 in
636 1704 721 1762 laude
735 1696 811 1771 vera,
827 1713 906 1762 tanta
923 1705 951 1763 in
965 1707 1104 1783 magnitu-

152 1784 216 1843 dine
240 1784 329 1841 animi
352 1791 383 1841 et
406 1783 512 1842 consilii
536 1783 667 1862 dignitas,
687 1792 721 1841 ut
744 1784 805 1840 haec
826 1802 843 1839 a
863 1784 967 1841 unute
991 1784 1105 1849 donata,

152 1872 246 1921 cetera
274 1881 292 1919 a
319 1863 435 1920 fortuna
462 1863 641 1921 commodata
668 1881 731 1921 esse
753 1862 909 1920 videantur.
962 1869 1010 1920 20.
1040 1861 1106 1919 Noli
1116 1870 1155 1925 20

150 1942 238 2021 igitur
250 1942 281 1999 in
295 1941 493 1999 conservandis
514 1942 594 2000 bonis
608 1942 674 1999 viris
698 1941 856 2018 defatigari,
871 1961 928 1998 non
950 1940 1106 2019 cupiditate

151 2021 316 2099 praesertim
339 2019 434 2097 aliqua
453 2029 504 2078 aut
527 2021 666 2098 pravitate
688 2021 783 2098 lapsis,
803 2020 855 2078 sed
875 2020 1004 2097 opinione
1024 2019 1105 2077 officii

150 2101 240 2158 stulta
263 2100 394 2166 fumasse,
416 2108 493 2159 certe
512 2119 569 2158 non
592 2100 729 2178 improba,
750 2107 780 2157 et
800 2100 893 2189 specie
917 2100 1041 2176 quadam
1066 2098 1106 2157 rei

150 2178 293 2255 publicae;
314 2197 372 2235 non
394 2178 467 2235 enim
487 2185 538 2236 tua
551 2178 610 2235 ulla
629 2179 715 2255 culpa
736 2187 788 2246 est,
804 2198 827 2235 s1
848 2188 876 2236 te
897 2180 983 2255 aliqui
1003 2180 1105 2238 timue·

149 2264 225 2324 runt,
241 2262 400 2333 contraque
413 2274 524 2314 summa
537 2256 609 2324 laris,
623 2257 702 2334 quod
716 2257 829 2315 minime
843 2257 1001 2316 timendum
1014 2258 1102 2315 luisse
1116 2263 1154 2318 25

149 2343 309 2393 senserunt.

193 2413 264 2470 VII.
309 2417 356 2468 21.
378 2413 462 2489 Nunc
476 2412 558 2470 venio
571 2411 609 2470 ad
623 2411 818 2491 gravissimam
831 2414 975 2489 querclam
989 2421 1019 2471 et
1032 2421 1107 2472 atro·

154 2491 297 2549 cissimam
310 2492 500 2568 suspicionem
512 2500 608 2559 tuam;
628 2511 695 2568 quae
710 2510 766 2548 nou
780 2492 830 2549 tibi
850 2492 904 2568 ipsi
917 2493 1007 2571 magis
1021 2513 1107 2570 quam

154 2590 243 2647 quum
257 2569 389 2628 omnibus
403 2571 511 2630 civibus
523 2578 586 2628 tum
605 2571 728 2628 maxime
741 2571 831 2638 nobie,
846 2572 895 2648 qui
914 2590 932 2628 a
952 2582 981 2629 te
995 2591 1106 2630 conser-

154 2651 212 2708 vati
225 2669 334 2716 sumus,
350 2648 527 2727 providenda
541 2657 600 2708 est:
621 2668 707 2726 quam
727 2649 781 2707 etsi
804 2669 888 2733 spero
911 2651 1013 2708 falsam
1034 2670 1105 2718 esse,
1118 2658 1157 2712 30

155 2736 250 2797 tamen
264 2747 410 2805 nunquam
424 2729 585 2786 extenuabo
597 2729 699 2787 verbis.
741 2729 803 2785 Tua
815 2729 890 2786 enim
904 2729 997 2787 cautio
1010 2740 1107 2787 nostra

156 2809 249 2866 cautio
270 2815 323 2874 est,
339 2816 372 2866 ut
394 2809 464 2865 siin
484 2806 621 2867 alteriitro
644 2808 822 2886 peccandum
841 2808 886 2875 sit,
902 2808 996 2865 malim
1018 2807 1108 2866 videri

155 2888 235 2944 nimis
248 2887 374 2954 timidus,
390 2905 477 2963 quam
490 2906 592 2964 parum
605 2888 739 2964 prudens.
781 2886 839 2944 Sed
854 2888 982 2963 quisnam
996 2896 1040 2944 ast
1053 2888 1107 2944 iste

155 2974 213 3023 tam
225 2966 366 3023 demens?
388 2966 435 3023 De
444 2966 535 3023 trrisne
544 2966 712 3023 ‘l-tametsi
722 2965 770 3042 qui
780 2966 871 3043 magis
882 2975 949 3023 suut
960 2966 1009 3032 tui,
1020 2985 1106 3043 quam

155 3045 258 3122 quibus
286 3053 320 3101 tu
347 3045 471 3102 salutm
495 3044 704 3121 insperantibus
731 3044 901 3103 reddidisti?
932 3062 969 3100 an
993 3063 1028 3101 ex
1053 3046 1157 3121 hocas

134 3194 137 3201 ,
154 3142 282 3190 numero,
293 3124 342 3201 qui
355 3143 413 3181 una
433 3131 529 3181 tecum
543 3124 785 3182 fuerunt‘l-Non
799 3132 843 3181 est
857 3123 996 3181 credibilis
1010 3132 1108 3181 tantus

153 3202 182 3259 in
195 3202 253 3259 ullo
267 3203 355 3270 furor,
370 3209 404 3260 ut
424 3221 482 3279 quo
496 3202 569 3260 duce
583 3203 675 3261 omnia
689 3221 800 3261 summa
820 3203 857 3259 sit
875 3203 1006 3278 adeptus,
1021 3202 1108 3278 hujus

131 3330 136 3365 f
156 3282 242 3339 vitam
255 3301 313 3339 non
326 3288 482 3359 anteponet
496 3300 564 3339 suae.
603 3283 653 3339 An
667 3281 691 3339 si
703 3282 772 3338 nihil
790 3281 832 3338 tui
845 3281 972 3358 cogitant
986 3281 1107 3347 sceleris,

154 3361 314 3419 cavendum
338 3369 384 3418 est
398 3376 444 3417 ‘ne
467 3360 536 3437 quid
559 3353 685 3418 inimici?
728 3360 806 3429 Qu?
835 3378 932 3418 omnes
956 3360 1038 3426 enim,
1059 3359 1109 3436 qui

123 3480 124 3485 1
153 3439 276 3507 fuenmt,
296 3447 348 3497 aut
361 3457 415 3497 sua
429 3439 582 3515 pertinacia
595 3440 683 3497 vitam
701 3440 855 3496 amiserunt
869 3446 920 3494 aut
939 3444 990 3495 tua
1002 3438 1107 3495 miseri-
1119 3444 1158 3499 40

154 3518 248 3576 cordia
262 3519 452 3585 retinuerunt,
466 3526 500 3576 ut
512 3525 563 3575 aut
576 3518 646 3575 uuili
659 3518 802 3594 supersint
815 3517 851 3574 de
865 3516 982 3574 inimicis
996 3524 1047 3574 aut
1060 3516 1109 3593 qui

153 3598 357 3674 superfuerunt
384 3595 440 3653 sint
467 3597 635 3654 amicissimi.
689 3603 735 3654 22.
766 3595 825 3653 Sed
849 3603 943 3653 temen
967 3614 1055 3672 quum
1080 3595 1109 3652 in

152 3677 248 3735 annu
263 3677 415 3735 hominum
428 3682 516 3733 tantae
525 3676 642 3734 latebrae
656 3675 712 3732 siut
725 3682 754 3732 et
768 3674 840 3732 tanti
852 3692 988 3740 recessus,
1004 3690 1108 3749 augea·

151 3772 212 3816 mus
233 3775 303 3815 sane
325 3754 520 3832 suspicionem
538 3761 635 3812 tuam:
657 3754 741 3812 simul
764 3753 839 3811 enim
859 3753 1027 3830 augebimus
1047 3751 1109 3808 dili·
