2742 4384
553 711 825 788 ORATIO

222 970 373 1084 PRO
420 968 484 1084 Τ.
516 967 775 1084 ululo
820 968 1143 1084 MILONE.

517 1279 843 1291 ——-

247 1486 271 1542 I.
315 1492 341 1544 1.
362 1485 431 1544 Frrsr
445 1503 553 1553 vereor,
576 1483 696 1561 judices,
711 1503 747 1542 ne
770 1492 855 1562 turpe
868 1484 913 1549 sit,
935 1504 987 1564 pro
1006 1486 1159 1547 fortissimo

211 1564 266 1622 viro
281 1562 376 1621 dicere
389 1564 569 1641 incipientem
591 1563 697 1629 timere,
711 1562 880 1639 minimeque
900 1563 1009 1630 deceat,
1024 1584 1112 1643 quum
1124 1566 1156 1625 Τ.

210 1643 319 1700 Annius
339 1643 401 1719 ipse
414 1642 505 1721 magis
519 1641 557 1699 de
571 1640 611 1699 rei
625 1641 746 1718 publicae
762 1640 853 1698 salute
873 1660 958 1718 quem
972 1641 1008 1699 de
1021 1662 1074 1700 sus
1095 1662 1156 1721 per·

209 1722 348 1789 turbetur,
363 1739 409 1779 me
429 1720 467 1777 sd
491 1721 555 1798 ejus
573 1737 686 1777 causam
711 1737 809 1797 parem
830 1719 913 1776 enimi
937 1721 1157 1798 magnitudinem

209 1800 308 1857 afferre
321 1817 379 1856 non
393 1818 486 1876 posse,
501 1807 598 1856 temen
611 1798 674 1855 haec
688 1798 753 1855 novi
764 1796 862 1874 judicii
875 1816 950 1854 nors
963 1799 1056 1856 forms
1072 1804 1184 1857 tenett

210 1878 315 1945 oculos,
342 1877 400 1954 qui,
421 1896 534 1954 quocun
554 1895 591 1934 ue
611 1874 777 1942 inciderunt,
802 1875 1034 1933 consuetudinem
1054 1875 1108 1934 fori
1127 1886 1157 1935 et

210 1956 359 2032 pristinum
372 1974 479 2012 morem
497 1896 670 2032 judiciorum
683 1954 837 2030 requirunt.
879 1954 944 2012 Non
958 1954 1032 2012 enim
1053 1973 1157 2013 corone

211 2052 358 2091 consessus
381 2041 474 2090 vester
494 2033 604 2090 cinctus
628 2040 681 2099 est,
706 2038 739 2089 ut
762 2032 888 2100 solebet3
918 2038 944 2091 2.
973 2052 1028 2090 nnn
1052 2034 1156 2091 usitate

209 2111 366 2189 frequentia
376 2111 471 2190 stipati
484 2129 601 2178 sumus;
622 2129 673 2168 nec
688 2109 735 2167 illa
749 2110 887 2187 presidis,
898 2129 963 2188 quus
977 2130 1029 2189 pro
1042 2112 1155 2190 templis

210 2191 340 2248 omnibus
360 2190 480 2257 cernitis,
496 2189 550 2246 etsi
574 2198 670 2247 contra
684 2189 741 2246 vim
762 2188 898 2247 collocate
918 2201 992 2257 sunt,
1008 2209 1063 2248 non
1087 2192 1153 2249 affe
1166 2191 1203 2246 10

210 2276 274 2325 runt
289 2277 383 2325 tumen
400 2268 504 2326 oratori
518 2267 632 2344 aliquid,
647 2274 681 2324 ut
699 2266 728 2324 in
747 2267 810 2325 foro
824 2276 853 2324 et
872 2267 900 2324 in
917 2268 1033 2358 judicio,
1056 2286 1154 2345 quem·

210 2365 296 2423 quem
306 2346 443 2424 praesidiis
452 2346 623 2403 salutaribus
635 2352 665 2403 et
675 2346 836 2403 necessariis
846 2356 930 2424 saeptr
940 2366 1048 2413 sumus,
1059 2354 1154 2404 temen

211 2443 245 2481 ne
258 2444 314 2482 non
332 2426 429 2483 timere
450 2424 566 2502 quidem
579 2423 639 2481 sine
657 2424 751 2501 aliquo
771 2424 869 2482 timore
890 2424 1038 2502 possimus.
1081 2424 1153 2494 Ques

211 2502 234 2559 si
254 2504 383 2580 opposite
403 2504 501 2561 Miloni
521 2509 660 2579 putarem,
677 2502 807 2560 cederem
827 2503 956 2579 tempori,
968 2502 1088 2579 judices,
1102 2522 1154 2562 nee

210 2580 281 2639 inter
294 2590 401 2638 tentam
414 2582 472 2639 vim
485 2599 628 2637 armorum
641 2580 828 2638 existimarem
842 2598 904 2637 csse
918 2581 1034 2639 orationi
1050 2582 1153 2641 locum.
1166 2586 1201 2638 lt

212 2658 269 2716 sec
285 2679 332 2717 me
345 2668 453 2718 recreet
473 2668 503 2717 et
523 2659 611 2716 reficit
629 2659 681 2717 On.
696 2658 834 2736 Pompeii,
849 2658 1045 2735 sapientissimi
1058 2667 1087 2717 et
1107 2662 1153 2738 ju·

212 2738 322 2795 stissimi
335 2739 393 2806 viri,
408 2737 564 2805 consilium,
575 2737 622 2814 qui
636 2737 765 2814 profecto
777 2755 829 2795 nec
837 2736 955 2814 justitiae
968 2756 1028 2796 suoe
1040 2746 1155 2816 putaret

212 2835 280 2884 esse,
305 2836 389 2892 quem
410 2836 491 2874 reum
519 2816 661 2873 sententiis
682 2815 811 2893 judicum
832 2814 1002 2883 tradidisset,
1030 2817 1153 2875 eundem

211 2895 272 2951 telis
285 2895 405 2952 militum
425 2895 539 2961 dedere,
554 2913 605 2952 nee
625 2893 781 2971 sepientiae,
801 2892 991 2951 temeritatem
1004 2895 1152 2953 concitetur

211 2973 394 3031 multitudinis
417 2972 584 3030 auctoritate
608 2972 724 3049 publice
746 2989 863 3057 spiare.
906 2978 932 3030 3.
963 2971 1153 3041 Quamobrem
1162 2975 1201 3029 20

210 3051 256 3108 illc
276 3071 363 3119 arma,
378 3051 564 3117 centuriones,
583 3051 714 3107 cohortes
733 3068 790 3106 non
809 3049 965 3127 periculum
980 3050 1077 3117 nobis,
1102 3051 1153 3109 sed

211 3130 372 3205 praesidium
392 3128 567 3196 denuntiant,
588 3147 679 3206 neque
693 3128 793 3194 solum,
814 3136 847 3184 ut
861 3129 965 3205 quieto,
986 3128 1037 3185 sed
1057 3128 1152 3196 etism,

210 3216 242 3264 ut
263 3227 369 3286 magno
389 3209 483 3265 animo
504 3206 598 3273 simus,
620 3208 777 3273 hortentur,
798 3224 889 3282 neque
913 3206 1047 3262 auxilium
1067 3206 1153 3264 modo

211 3286 363 3343 defensioni
384 3305 466 3352 meae,
481 3303 578 3342 verum
598 3285 683 3343 etiem
703 3284 844 3342 silentium
861 3284 1036 3360 pollicentur.
1077 3284 1152 3342 Reli·

209 3382 265 3439 qua
287 3384 354 3422 vcro
376 3362 539 3432 multitudo,
553 3382 618 3438 quae
639 3362 754 3439 quidem
774 3370 819 3420 cst
842 3362 952 3428 civium,
974 3368 1035 3418 tota
1057 3367 1199 3420 nostrstt

210 3451 366 3520 estusque
384 3460 484 3500 eorum
505 3442 661 3517 quisquam,
676 3459 747 3516 quos
766 3440 891 3516 undique
913 3440 1063 3508 intuentes,
1077 3439 1153 3497 unde

209 3521 303 3598 alique
323 3520 377 3578 fori
404 3538 472 3597 pers
496 3519 602 3596 adspici
629 3526 733 3596 potest,
757 3526 786 3576 et
813 3519 900 3575 hu’us
923 3517 1029 3574 exitum
1053 3517 1153 3595 judicii

210 3606 406 3676 exspectantes
420 3597 528 3665 videtis,
549 3617 605 3655 non
626 3615 714 3674 quum
734 3596 830 3653 vimuti
882 3595 961 3654 'onis
984 3594 1151 3662 trivettum

210 3677 246 3735 de
259 3696 298 3743 se,
314 3677 351 3734 de
363 3675 459 3733 liberis
472 3676 537 3744 suis,
548 3677 585 3734 de
599 3675 698 3754 petria,
713 3674 750 3732 de
763 3674 882 3732 fortunis
895 3672 1031 3731 hodierno
1044 3674 1090 3731 die
1104 3673 1153 3731 de·

210 3755 309 3813 certari
321 3760 414 3832 putet.
1162 3752 1201 3808 80
