2742 4384
225 312 263 375 84
655 334 764 377 omnio
784 335 829 374 111.

273 469 319 522 19.
341 463 416 520 Nam
430 465 559 542 proiecto
572 465 708 523 memoria
728 464 829 522 tenetis
844 465 930 522 Ootta
944 471 974 522 et
996 466 1139 541 Torquato
1152 484 1218 524 cou-

272 543 379 600 sulibus
393 545 552 620 complures
576 544 604 600 in
625 544 764 621 Capitolio
778 563 823 600 res
837 543 874 600 de
887 544 961 600 coelo
974 564 1037 601 esse
1059 563 1216 621 percussas,

271 640 359 699 quum
373 630 403 679 et
424 623 574 680 simidacra
595 622 714 679 deorum
736 622 934 678 immortalium
959 622 1078 698 depulsa
1099 632 1164 680 sunt
1187 630 1217 680 et

271 708 372 757 statuae
393 708 520 759 veterum
534 701 678 758 hominum
693 700 813 777 dejectae
827 700 965 777 et‘legum
981 719 1036 757 aera
1050 701 1199 776 liquefacta
1207 719 1215 768 ;

244 784 365 838 dtactus
387 788 431 837 est
454 780 539 836 etiam
562 779 617 846 ille,
643 779 691 854 qui
711 779 783 836 hanc
797 781 897 837 urbem
911 780 1044 847 condidit,
1067 780 1214 846 Romulus,

271 858 528 934 quem'inauratum
541 859 569 915 in
584 858 724 935 Capitolio
739 876 858 934 parvum
872 865 958 933 atque
972 859 1131 923 lactentem,
1146 860 1214 916 ube·

271 938 348 994 ribus
372 937 473 1013 lupinis
500 937 652 994 inhiantem
675 937 761 993 fuisse
788 935 959 993 meministis.
1011 938 1075 1005 Quo
1102 937 1214 1013 quidem

271 1022 398 1092 tempore
422 1035 509 1092 quum
537 1015 699 1091 haruspices
722 1034 756 1073 ex
783 1022 845 1071 tota
872 1014 984 1071 Etruria
1012 1016 1212 1081 convenissent,

271 1094 363 1151 credes
377 1102 462 1170 atque
475 1094 602 1151 incendia
615 1103 644 1151 et
658 1094 754 1171 legum
767 1093 910 1150 interitum
925 1101 953 1151 et
968 1093 1072 1151 bellum
1088 1084 1166 1151 civile
1181 1112 1214 1150 ac

223 1174 455 1230 lOdomesticum
477 1180 506 1230 et
523 1173 611 1229 totius
630 1173 708 1229 urbis
731 1183 817 1248 atque
838 1171 944 1248 imperii
965 1191 1096 1229 occasum
1111 1190 1212 1247 appro-

270 1253 405 1329 pinquare
427 1252 565 1317 dixerunt,
580 1251 631 1308 nisi
651 1251 689 1307 dii
708 1250 881 1307 immortales
895 1251 970 1308 omui
990 1251 1096 1307 ratione
1111 1250 1214 1326 placati

270 1349 322 1386 suo
340 1331 454 1387 numine
472 1348 561 1407 prope
575 1330 634 1385 fata
653 1330 715 1406 ipsa
729 1331 878 1386 flexissent.
921 1336 967 1387 20.
989 1330 1089 1405 ltaque
1103 1329 1213 1385 illorum

269 1410 409 1484 responsis
422 1419 490 1466 tune
505 1416 533 1465 et
555 1408 614 1465 ludi
635 1408 798 1484 perdecem
813 1408 872 1465 dies
892 1408 960 1465 facti
973 1416 1048 1474 sunt,
1063 1426 1154 1483 neque
1168 1426 1214 1464 res
1290 1440 1293 1459 ι

269 1488 335 1554 ulla,
350 1508 415 1564 quae
430 1488 467 1543 ad
493 1487 647 1564 placandos
671 1487 740 1543 deos
764 1488 924 1563 pertineret,
946 1486 1136 1564 praetermissa
1153 1494 1212 1542 est:

222 1567 406 1642 laudemque
428 1567 573 1644 jusserunt
597 1566 777 1623 simulacrum
799 1566 879 1623 Jovis
902 1565 994 1622 facere
1017 1565 1108 1641 majus
1132 1571 1161 1620 et
1185 1564 1213 1620 in

269 1647 379 1703 excelso
393 1645 530 1703 collocare
544 1654 573 1701 et
595 1652 702 1709 contra,
717 1651 802 1720 atque
822 1652 888 1700 ante
901 1643 1002 1708 fuerat,
1017 1643 1054 1699 ad
1078 1642 1212 1699 orientem

269 1736 446 1782 convertere:
468 1742 501 1781 ae
524 1742 554 1780 se
568 1741 680 1798 sperare
701 1723 840 1788 dixerunt,
855 1723 879 1779 si
902 1722 971 1779 illud
993 1723 1113 1798 signum,
1136 1722 1213 1796 quod

269 1803 376 1868 videtis,
392 1804 457 1861 solis
481 1809 574 1859 ortum
590 1808 619 1857 et
642 1802 735 1857 forum
758 1801 919 1877 curiamque
939 1800 1121 1876 conspiceret,
1143 1800 1212 1866 iore,

269 1891 301 1938 ut
315 1901 348 1939 ea
363 1881 484 1947 consilia,
502 1899 565 1956 quae
580 1881 652 1936 clam
672 1886 767 1936 essent
789 1880 856 1936 inita
871 1887 967 1935 contra
991 1879 1111 1935 salutem
1135 1878 1213 1935 urbis

222 1965 259 2017 20
268 1968 353 2037 atque
367 1961 481 2038 imperii,
492 1960 706 2023 illustrarentur,
722 1965 781 2014 uta
795 1966 894 2014 senatu
908 1959 1069 2033 populoque
1084 1957 1213 2015 Romano

269 2040 389 2116 perspici
404 2046 525 2116 possent.
566 2038 664 2112 Atque
678 2037 748 2093 illud
759 2037 869 2113 signum
885 2036 923 2092 ita
938 2035 1133 2092 collocandum
1148 2055 1212 2092 con·

268 2119 343 2176 sules
354 2118 391 2174 illi
405 2119 577 2183 locaverunt,
593 2116 642 2183 sed
657 2124 737 2171 tanta
750 2116 803 2172 fuit
818 2115 909 2191 operis
923 2114 1049 2179 tarditas,
1069 2121 1102 2171 ut
1121 2133 1213 2190 neque

268 2216 285 2253 a
309 2197 502 2273 superioribus
522 2195 683 2253 consulibus
707 2213 797 2271 neque
821 2212 838 2250 a
858 2193 938 2251 nobis
958 2202 1023 2249 ante
1046 2193 1213 2250 hodiernum

230 2344 232 2349 Ι
268 2275 342 2332 diem
358 2277 548 2333 collocaretur.

222 2357 259 2410 25
308 2355 358 2412 IX.
401 2362 447 2412 21.
469 2354 523 2410 Hic
547 2353 610 2429 quis
629 2359 724 2429 potest
745 2370 815 2417 esse,
838 2350 967 2419 Quirites,
993 2357 1050 2406 tam
1066 2369 1181 2407 aversus
1194 2368 1213 2406 a

268 2451 343 2497 vero,
355 2440 413 2489 tam
428 2451 565 2509 praeceps,
575 2440 634 2487 tam
648 2438 743 2487 mente
754 2439 863 2506 captus
873 2430 921 2505 qui
935 2436 1020 2507 neget
1033 2429 1097 2487 haec
1109 2429 1210 2495 omnia,

269 2529 333 2585 quae
348 2510 484 2576 videmus
501 2510 700 2585 praecipueque
721 2511 793 2566 hanc
808 2509 907 2566 urbem
929 2509 1046 2565 deorum
1070 2509 1211 2565 immorta-

268 2586 336 2646 lium
350 2597 422 2644 nutu
435 2607 468 2644 ac
489 2594 630 2663 potestate
647 2588 855 2644 administrari?
895 2587 1005 2644 Etenim
1030 2606 1116 2662 quum
1138 2593 1212 2643 esset

268 2666 308 2724 ita
332 2686 506 2744 responsum,
532 2666 635 2731 caedes,
655 2666 783 2722 incendia
806 2666 1003 2741 interitumque
1028 2665 1066 2722 rei
1089 2665 1210 2741 publica

222 2750 260 2801 30
270 2746 434 2824 comparari,
450 2754 479 2803 et
492 2764 526 2801 ea
540 2764 591 2820 per
604 2745 687 2810 cives
701 2764 765 2820 quae
781 2752 841 2801 tum
859 2757 976 2821 propter
990 2743 1212 2822 magnitudinem

269 2827 407 2883 scelerum
431 2823 568 2880 nonnullis
593 2823 764 2880 incredibilia
785 2824 959 2898 videbantur,
988 2843 1021 2880 ea
1045 2843 1099 2879 uon
1128 2822 1211 2899 modo

269 2904 393 2981 cogitata
413 2922 430 2959 a
444 2902 555 2959 nefariis
569 2901 685 2967 civibus,
701 2921 798 2957 verum
822 2903 905 2958 etiam
920 2894 1066 2978 suscepta,
1076 2921 1136 2958 esse
1151 2920 1211 2956 sen-

269 2983 350 3040 sistis.
392 2981 467 3040 Illud
492 2999 559 3037 vero
582 2999 672 3036 nonne
694 2980 734 3035 ita
760 2999 884 3056 praesens
908 2989 960 3046 est,
985 2990 1018 3037 ut
1040 2989 1111 3036 nutu
1132 2979 1211 3036 Joais

270 3060 374 3137 Optimi
390 3059 503 3116 Maximi
517 3059 623 3116 lactum
635 3077 696 3115 esse
709 3058 846 3124 videatur,
862 3066 901 3123 ut,
917 3078 1003 3134 quum
1018 3058 1152 3114 hodierno
1167 3057 1211 3113 die

221 3143 258 3195 85
269 3159 348 3196 mane
363 3159 414 3215 per
426 3140 518 3195 forum
533 3156 596 3194 meo
615 3137 698 3214 jussu
711 3145 740 3192 et
754 3136 891 3213 conjurati
905 3145 934 3193 et
954 3155 1051 3192 eorum
1064 3136 1168 3193 indices
1183 3135 1211 3191 in

269 3219 358 3274 aedem
374 3216 539 3275 Concordiae
554 3215 732 3282 ducerentur,
753 3234 787 3272 eo
807 3216 869 3292 ipso
889 3223 1016 3292 tempore
1030 3215 1140 3292 signum
1155 3221 1210 3269 sta·

264 3298 415 3363 tueretur?
438 3295 500 3364 Quo
515 3295 653 3352 collocato
667 3303 752 3370 atque
766 3294 803 3351 ad
818 3313 868 3350 vos
882 3303 1065 3368 senatumque
1076 3311 1219 3350 converso.

269 3374 361 3431 omnia
372 3381 400 3432 et
414 3383 527 3432 senatus
541 3380 570 3430 et
590 3391 649 3439 vos,
664 3391 729 3447 quae
745 3380 824 3429 erant
840 3379 937 3428 contra
951 3371 1071 3427 salutem
1086 3370 1213 3427 omnium

269 3454 399 3530 cogitata,
424 3453 563 3510 illustrata
586 3461 615 3507 et
638 3452 782 3528 patefacta
806 3440 1009 3509 vidistisilaa.
1040 3449 1103 3515 Quo
1125 3449 1210 3504 etiam

221 3534 260 3586 40
270 3532 375 3608 majore
399 3541 465 3588 sunt
488 3530 533 3586 isti
556 3529 621 3586 odio
645 3528 839 3604 supplicioque
863 3527 948 3603 digni,
970 3525 1017 3600 qui
1040 3544 1096 3581 non
1120 3526 1210 3582 solum

268 3609 368 3666 vestris
390 3608 533 3666 domiciliis
557 3615 644 3682 atque
666 3606 757 3672 tectis,
778 3605 828 3662 sed
849 3606 934 3661 etiam
958 3603 1075 3661 deorum
1099 3603 1213 3678 templis

207 3730 226 3763 ,
269 3696 353 3765 atque
367 3687 491 3744 delubris
505 3693 570 3742 sunt
584 3685 710 3740 funestos
724 3703 757 3739 ac
771 3682 890 3738 nefarios
903 3683 982 3760 ignes
994 3680 1095 3736 inferre
1110 3681 1211 3740 conati.

270 3766 378 3835 Quibus
392 3784 446 3843 ego
460 3765 482 3821 si
504 3782 548 3819 me
563 3762 697 3819 restitisse
716 3762 816 3827 dicam,
832 3761 945 3817 nimium
956 3759 1027 3816 mihi
1051 3778 1161 3815 sumam
1182 3767 1211 3817 et

268 3866 324 3904 uon
338 3845 390 3903 sim
403 3842 551 3902 ferendus:
572 3840 683 3907 illeille
697 3841 715 3898 J
718 3840 830 3918 uppiter
838 3840 952 3897 restitit:
974 3838 1020 3898 ille
1030 3838 1211 3916 Capitolium,

1357 766 1360 917 l
