2742 4384
396 101 442 127 ⁸¹
509 54 664 147 illi*

215 122 261 191 a*
296 154 305 178 r
352 136 372 167 s*
432 126 467 185 2⁴¹
505 150 515 183 l
567 120 642 215 qis·
670 108 814 175 dransae*

477 230 509 263 a*
596 226 626 255 Ἰ

234 273 273 328 16
487 262 492 281 ’
673 289 780 330 omino
800 289 831 330 11.

280 415 333 473 nisi
356 423 484 493 pereunt,
507 412 634 475 etiamsi
659 414 780 476 Catilina
801 418 920 496 perierit,
945 419 1045 478 scitote
1068 420 1173 481 hocin
1193 442 1224 484 re

281 495 395 572 publiea
418 495 596 553 seminarium
616 496 809 554 Catilinarium
832 498 968 555 futurum.
1020 499 1223 562 Verumtamen

216 644 225 659 ,
270 573 348 649 ¹<pne
362 574 414 630 siu
433 574 478 631 ise
492 575 584 632 maen
598 576 720 633 volunta
761 576 839 632 uum
853 595 918 633 suas
932 559 1222 640 securalmuuemua

103 664 109 675 ’
135 654 149 683 ”
176 674 192 695 «ι
207 672 228 693 *a
280 653 387 709 suntin
401 661 493 709 eastra
507 652 644 723 ducturi?
685 654 933 723 Quemadmodum
946 665 1042 713 autem
1058 658 1111 714 illis
1127 678 1222 721 carere

252 732 421 806 opeterunt,
437 731 479 787 his
501 733 655 809 praesertim
673 732 734 809 jam
747 733 901 790 noctibus?
942 735 1005 802 Quo
1019 744 1115 793 autem
1135 746 1221 813 pacto

278 810 317 866 illi
327 809 508 886 Apenninum
522 817 607 886 atque
620 810 681 867 illas
696 811 810 887 pruinas
823 830 857 869 ao
870 812 948 870 nives
962 814 1125 890 perferent?
1160 817 1221 874 Nisi

278 888 382 945 ideireo
396 906 427 944 se
440 888 548 945 laeilius
562 889 682 945 hiemem
702 890 870 947 toleraturos
892 899 1003 967 putant,
1018 892 1095 968 quod
1111 894 1181 952 nudi
1193 895 1221 952 in

279 966 410 1025 conviviis
423 967 525 1024 saltare
540 966 716 1043 didioeumt„

317 1046 368 1103 XI.
411 1051 456 1102 24.
479 1044 504 1102 Ο
519 1045 623 1103 bellum
638 1065 742 1124 magno
756 1066 841 1124 opere
855 1048 1117 1124 pertimescendum,
1132 1070 1221 1126 quum

120 1158 124 1173 ι
212 1142 217 1151 ’
232 1122 269 1185 10
278 1124 350 1181 hane
365 1125 401 1182 sit
414 1124 561 1182 habiturus
576 1124 695 1182 Catilina
710 1136 867 1183 scortorum
884 1128 1220 1205 eohortem'praetoriaml

278 1202 413 1261 Instruite
427 1221 509 1270 nune,
532 1202 661 1272 Quirites,
677 1213 775 1260 eontra
787 1204 840 1261 has
854 1213 914 1261 tem
928 1206 1078 1281 praeelaras
1093 1207 1236 1264 Catilinae*
1282 1240 1307 1261 „
1324 1240 1341 1259 ·.

278 1282 491 1359 copias,vestra
513 1281 837 1367 praesidia·,vestrosque
861 1284 1016 1350 exereitus:
1046 1291 1076 1342 et
1099 1285 1221 1362 primum
1282 1302 1286 1313 ·

196 1374 203 1405 ³
276 1360 485 1439 gladiatorii&
505 1360 632 1417 eonfeeto
657 1367 687 1418 et
710 1361 806 1418 saucio
826 1363 954 1419 eonsules
980 1361 1221 1440 imperatoresque

204 1438 208 1450 '
277 1432 552 1515 vestros‘opponite:
573 1438 674 1496 deinde
689 1447 786 1496 eontra
799 1439 876 1496 illam
889 1441 1089 1518 naufragorum
1100 1441 1220 1519 ejectam

231 1518 267 1571 15
277 1536 310 1574 ao
324 1517 499 1577 debilitatam
512 1536 627 1581 manum
640 1517 739 1574 florem
747 1518 834 1575 totius
849 1519 939 1575 Italiae
952 1538 985 1576 ae
999 1521 1086 1578 robur
1098 1520 1218 1580 educite.

276 1590 342 1655 Jam
356 1615 422 1653 vero
436 1597 520 1654 urbes
534 1595 705 1653 coloniarum
726 1615 760 1654 ao
773 1597 988 1675 municipiorum
1007 1598 1222 1675 respondebunt

278 1675 406 1731 Oatilinae
426 1675 541 1732 tumulis
560 1674 742 1732 silvestribus
783 1675 884 1751 Neque
904 1674 959 1754 ego
983 1685 1091 1734 ceteras
1113 1678 1218 1755 copias,

276 1760 448 1821 ornamenta,
463 1753 594 1829 praesidia
607 1762 710 1821 vestra,
731 1773 797 1811 eum
810 1754 883 1811 illius
896 1755 1012 1812 latronis
1025 1755 1119 1832 inopia
1132 1765 1218 1832 atque

226 1840 241 1901 1
276 1839 403 1909 egestate
425 1832 551 1890 conferre
571 1832 670 1890 debeo.
721 1839 767 1891 25.
792 1832 859 1900 Sed,
884 1833 916 1900 si,
941 1834 1049 1892 omissis
1070 1834 1114 1891 his
1134 1835 1220 1892 rebus
1272 1894 1281 1911 .

228 1913 266 1966 20
276 1911 412 1979 omnibus,
426 1912 530 1988 quibus
552 1930 604 1969 nos
624 1912 848 1989 suppeditamur,
863 1920 930 1990 eget
942 1913 998 1980 ille,
1019 1920 1127 1979 senatu,
1143 1912 1219 1988 equi·

166 2046 169 2053 .
275 1990 351 2049 tibus
371 1991 513 2057 Romanis,
535 1990 651 2068 populo,
669 1992 748 2058 urbe,
771 1990 877 2058 aerario,
898 1992 1093 2069 vectigalibus,
1118 1999 1220 2048 cuneta

276 2069 367 2135 Italia,
392 2069 541 2146 provinciis
564 2068 703 2137 omnibus
725 2070 827 2127 exteris
845 2069 1012 2136 nationibus,
1028 2068 1051 2126 si
1071 2069 1114 2126 his
1134 2070 1220 2127 rebus

277 2148 393 2216 omissis,
414 2166 513 2206 eausas
533 2148 618 2225 ipsas,
639 2167 705 2224 quae
724 2148 797 2207 inter
820 2167 851 2207 se
872 2148 1034 2225 confligunt,
1050 2147 1220 2211 contendere

276 2227 410 2289 velimus:
435 2246 470 2285 ex
494 2246 529 2285 eo
552 2227 622 2303 ipso,
647 2246 735 2302 quam
753 2227 837 2285 valde
859 2227 897 2284 illi
918 2226 1040 2304 jaceant,
1064 2226 1220 2303 intelligere

45 1366 56 1421 .‘
69 1396 112 1441 ter
122 1405 170 1447 η

228 2307 265 2362 25
297 2325 436 2364 ossumus.
476 2306 594 2371 Euhoe
608 2305 682 2363 enim
697 2315 777 2382 parte
798 2306 891 2382 pudor
915 2312 1033 2383 pugnat,
1048 2304 1121 2362 illine
1136 2313 1232 2381 peta·
1257 2328 1308 2361 aar
1360 2266 1362 2295 l

276 2326 378 2449 lautia:
399 2385 464 2442 hino
478 2374 621 2461 pudicitia,
632 2383 706 2441 illine
719 2392 866 2461 stuprum:
887 2385 951 2441 hino
965 2385 1044 2451 fides,
1055 2384 1128 2440 illine
1142 2384 1218 2439 frau-

276 2452 369 2523 datio:
389 2463 455 2521 hine
477 2462 576 2538 pietas,
597 2462 671 2519 illine
689 2463 796 2519 scelus:
817 2463 881 2520 hino
901 2463 1067 2543 constantia,
1081 2463 1155 2519 illine
1175 2462 1219 2518 iu·

11 2466 14 2647 l
275 2559 340 2599 ror:
360 2541 425 2598 hine
445 2541 585 2606 honestas,
600 2539 673 2596 illine
694 2540 855 2617 turpitudo:
876 2541 940 2599 hino
955 2534 1131 2607 edntineirlia,
1145 2540 1219 2598 illino

11 2650 12 2661 ¹
275 2619 381 2678 libido:
402 2618 522 2696 denique
535 2617 662 2693 aequitas,
682 2618 878 2694 temperantia,
898 2618 1043 2685 fortitudo,
1060 2618 1219 2695 prudentia,

11 2672 13 2771 l
228 2706 266 2759 ³0
276 2699 395 2757 virtutes
413 2716 509 2755 omnes
523 2701 633 2755 uertant
647 2715 713 2753 eum
732 2694 886 2771 iniquitate,
907 2695 1024 2763 luxuria,
1039 2697 1158 2775 ignavia,
1177 2706 1218 2755 te·

12 2792 14 2835 l
275 2777 415 2844 meritate,
429 2795 495 2834 eum
508 2774 580 2833 vitiis
591 2774 736 2832 omnibus:
758 2781 901 2851 postremo
909 2774 991 2853 eopia
1004 2794 1069 2832 oum
1083 2782 1217 2853 egestate,

12 2840 13 2905 l
276 2857 351 2916 bona
364 2857 436 2913 ratio
456 2873 522 2913 eum
543 2853 663 2931 perdita,
677 2872 757 2910 mens
771 2871 839 2910 sana
853 2873 918 2912 eum
934 2855 1064 2922 amentia,
1080 2856 1155 2913 bona
1168 2854 1218 2911 de-

12 2926 17 3035 q
276 2936 360 3012 nique
380 2953 446 3012 spes
460 2953 526 2991 eum
540 2931 663 2989 omnium
682 2951 776 2989 rerum
798 2932 992 3009 desperatione
1010 2933 1142 3011 confligit.
1184 2933 1219 2990 In

276 3012 440 3091 hujusmodi
461 3011 613 3070 certamine
629 3029 663 3067 ae
687 3010 788 3087 proelio
808 3030 907 3079 nonne,
921 3011 1007 3068 etiam
1028 3011 1051 3068 si
1072 3011 1219 3069 hominum

228 3099 265 3154 85
276 3091 371 3151 studia
385 3091 524 3157 deficiant,
544 3089 583 3148 dii
605 3089 659 3168 ipsi
681 3090 853 3147 immortales
866 3097 969 3168 cogent
988 3090 1025 3147 ab
1038 3089 1082 3146 his
1102 3089 1219 3167 praeola-

12 3208 20 3235 ι
239 3210 244 3221 -
260 3171 390 3230 ,1158111ιὶ8
403 3170 554 3237 virtutibus
567 3175 612 3227 tot
625 3176 655 3226 et
667 3175 748 3226 tanta
760 3168 827 3226 vitia
840 3169 988 3245 superari?

260 3256 267 3309 2
315 3250 383 3308 XII.
425 3255 471 3308 26.
494 3248 565 3317 Quae
579 3266 666 3326 quum
686 3247 726 3305 ita
739 3248 802 3316 sint,
814 3247 943 3316 Quirites,
958 3266 1023 3315 vos,
1035 3244 1218 3323 quemadmo-

277 3328 347 3393 dum
362 3329 423 3406 jam
436 3333 527 3394 antea,
541 3336 636 3385 vestra
654 3333 731 3385 tecta
745 3326 879 3386 eustodfis
892 3326 1047 3404 vigiliisque
1060 3323 1218 3382 defendite:

276 3407 353 3475 mihi,
367 3416 401 3467 nt
421 3407 484 3465 urbi
498 3407 557 3464 sine
570 3414 665 3469 vestro
688 3413 770 3464 motu
790 3423 823 3464 ao
847 3405 905 3462 eine
925 3405 983 3462 ullo
1003 3404 1128 3461 tumultu
1151 3401 1220 3459 satis

229 3490 268 3545 lo
277 3494 352 3546 esset
366 3486 496 3581 praesidii,
507 3486 667 3545 oonsultum
680 3491 766 3560 atque
777 3484 920 3561 provisum
933 3492 984 3541 est.
1008 3482 1108 3540 Coloni
1121 3488 1220 3538 omnes

277 3565 486 3642 municipesque
504 3564 591 3623 vestri
611 3563 744 3621 certiores
764 3582 839 3620 ame
860 3562 928 3619 laeti
948 3561 985 3618 de
1004 3562 1058 3618 hae
1082 3567 1221 3618 nocturna

278 3644 441 3702 excursione
461 3642 592 3703 Catilinae
613 3641 696 3698 facile
708 3642 794 3699 urbes
817 3659 883 3699 suas
906 3641 1031 3716 finesque
1051 3637 1220 3696 defendent:

278 3721 459 3802 gladiatores,
473 3739 561 3797 quam
575 3720 627 3779 sibl
642 3719 689 3779 ille
702 3738 818 3776 manum
831 3719 1013 3853 certisqrsnam
1027 3718 1087 3775 fore
1101 3716 1221 3794 putarit,

278 3819 452 3889 quamquam
465 3799 579 3858 meli01e
593 3798 687 3866 animo
705 3804 771 3864 sunt
784 3816 870 3881 quam
886 3815 925 3875 pa
967 3796 1157 3875 patriciorum,
1171 3811 1222 3872 po·
