2742 4384
206 232 245 289 60
481 292 486 301 ,
674 244 779 285 carrio

252 362 325 435 tum*
333 375 372 433 illi
392 375 533 452 persecuti
547 381 613 432 sunt
623 394 630 442 ;
640 369 702 431 'vos
724 376 851 452 legatum
865 374 940 432 omni
954 374 1092 452 supplicio
1114 376 1199 434 inter-

110 496 113 511 .
148 466 205 511 „tta
214 452 237 503 (l
251 456 357 513 fectum
371 453 557 530 relinquetis?
601 460 647 511 12.
670 454 782 521 Videte,
796 473 840 521 ne,
863 463 894 510 ut
910 454 964 511 illis
979 455 1198 530 pulcherrimum

251 534 307 591 fuit
319 542 427 591 tantam
441 534 520 590 vobis
544 531 654 608 imperii
673 532 793 610 gloriam
814 533 933 598 tradere,
949 533 989 590 sic
1003 534 1083 591 vobis
1096 535 1198 610 turpis·

252 613 354 669 simum
379 612 423 679 sit,
451 612 490 677 id,
515 611 592 688 quod
615 611 772 688 accepistis,
798 612 870 668 tueri
897 619 927 669 et
951 631 1116 670 conservare
1142 632 1200 695 uon

225 699 241 750 t
273 710 344 748 csse.

252 711 284 828 p?
292 769 376 838 Quid,
401 768 479 845 quod
504 769 580 826 salus
604 768 744 825 sociorum
768 787 910 825 summum
934 769 961 825 in
985 769 1141 846 periculum
1164 789 1198 828 ac

138 842 145 891 ¹.
251 849 399 909 discrimen
409 855 527 905 vocatur
540 866 597 924 quo
610 848 726 904 tandem
740 848 833 903 animo
848 848 921 904 ferre
935 848 1066 905 debetis?
1097 849 1199 926 Regno

170 924 174 929 ‘
251 936 295 986 est
305 929 440 1005 expulsus
454 928 658 985 Ariobarzanes
678 945 737 992 rex,
754 927 846 983 socius
860 926 958 1002 populi
978 926 1099 984 Romani
1112 936 1198 1004 atque
1223 984 1225 989 ,

251 1007 375 1073 amicus;
406 1006 550 1063 imminent
573 1006 632 1062 duo
652 1024 734 1082 reges
757 1006 810 1062 toti
833 1005 913 1061 Asiae
932 1024 988 1062 non
1006 1006 1097 1062 solum
1118 1007 1198 1064 vobis

205 1085 437 1151 lOinimicissimi,
453 1085 603 1142 sedetiam
618 1084 718 1141 vestris
732 1084 813 1141 sociis
834 1092 920 1160 atque
937 1084 1033 1141 amicis
1042 1103 1049 1151 ;
1071 1084 1198 1143 civitates

251 1172 346 1222 autem
360 1183 457 1221 omnes
466 1164 583 1220 *buncta
596 1162 667 1219 Asia
687 1171 773 1238 atque
795 1163 906 1220 Graecia
919 1170 1044 1219 vestrum
1065 1163 1199 1220 auxilium

251 1251 416 1320 exspectare
430 1251 548 1319 propter
566 1241 682 1318 periculi
695 1241 917 1319 magnitudinem
932 1250 1072 1319 coguntur
1081 1238 1197 1318 simpe-

250 1330 373 1379 ratorem
396 1339 415 1377 a
438 1321 518 1379 vobis
541 1328 649 1378 certum
672 1320 835 1396 deposcere,
859 1339 947 1396 quum
971 1320 1127 1396 praesertim
1146 1339 1198 1378 vos

251 1401 337 1457 alium
351 1400 488 1466 miseritis,
499 1418 590 1475 neque
604 1398 711 1456 audent
720 1417 811 1475 neque
825 1419 856 1456 se
869 1399 899 1455 id
913 1400 1005 1457 facere
1016 1399 1075 1456 sine
1086 1418 1198 1471 summo

205 1484 240 1539 15
251 1478 375 1554 periculo
400 1497 483 1553 posse
507 1478 686 1536 arbitrantur.
741 1484 786 1535 13.
812 1478 918 1535 Vident
937 1486 967 1537 et
990 1479 1113 1535 sentiunt
1142 1478 1197 1537 boc

250 1556 335 1623 idem,
359 1557 436 1632 quod
464 1575 522 1623 vos,
545 1576 635 1614 unum
656 1557 748 1613 virum
775 1550 897 1622 cssc‚‘¹in
912 1577 978 1633 ¹quo
1005 1576 1115 1614 summa
1142 1557 1199 1615 sint

251 1636 352 1701 omnia,
367 1644 472 1693 etcum
486 1641 603 1712 propter
616 1642 759 1711 essesque
773 1635 857 1692 etiarn
869 1645 965 1693 carent
976 1636 1092 1713 aegrius:
1115 1637 1197 1714 cujus

250 1713 376 1771 adventu
401 1714 464 1790 ipso
491 1724 577 1789 atque
604 1715 726 1780 nomine,
749 1714 862 1773 tametsi
888 1715 934 1772 ille
961 1714 998 1771 ad
1019 1715 1197 1772 maritimum

250 1793 355 1851 bellum
368 1792 483 1860 venerit,
499 1800 594 1851 tamen
607 1792 731 1870 impetus
745 1792 869 1850 hostium
885 1812 1027 1870 repressos
1041 1813 1102 1851 esse
1116 1792 1197 1851 intel·

203 1879 241 1933 20
250 1872 341 1950 ligunt
354 1891 387 1930 ac
402 1873 567 1930 retardatos.
596 1872 635 1929 Hi
644 1892 705 1939 vos,
717 1871 848 1948 quoniam
862 1871 949 1929 libere
962 1871 1038 1948 loqui
1052 1891 1108 1929 non
1122 1872 1196 1938 licet,

249 1952 334 2009 tacite
353 1959 463 2029 rogant,
484 1959 518 2009 ut
539 1970 570 2008 se
584 1970 706 2027 quoquc,
721 1950 794 2008 sicut
814 1960 972 2007 ceterarum
992 1951 1197 2026 provinciarum

151 2058 207 2084 -.-.-,·.
249 2030 347 2097 socios
368 2030 469 2107 dignos
492 2029 803 2106 existimetis,²quorum
824 2029 945 2086 salutem
968 2029 1018 2085 tali
1039 2030 1098 2085 viro
1120 2048 1196 2086 com·

248 2107 385 2165 mendatis
395 2110 510 2186 statque
533 2109 588 2166 hoc
602 2108 687 2165 etiam
702 2108 801 2186 magis
816 2107 893 2183 quod
914 2115 1022 2164 ceteros
1042 2108 1070 2164 in
1084 2108 1196 2185 provin·

249 2186 320 2244 ciam
333 2187 472 2265 ejusmodi
495 2187 703 2245 homiues'cum
727 2187 844 2264 imperio
865 2186 1011 2253 mittimus,
1032 2194 1073 2253 ut,
1088 2185 1197 2244 etiamsi

202 2270 239 2326 25
249 2265 285 2323 ab
311 2267 394 2324 hoste
420 2266 584 2332 defendant,
613 2266 862 2342 tamenipsorum
888 2265 1028 2322 adventus
1054 2266 1083 2322 in
1109 2265 1195 2322 urbes

248 2342 388 2402 sociorum
414 2363 471 2401 non
497 2345 619 2401 multum
646 2346 684 2402 ab
712 2344 806 2401 hostili
830 2343 1039 2422 expugnatione
1056 2344 1194 2401 differant.

248 2421 332 2479 Hunc
343 2423 496 2481 audiebant
509 2430 602 2490 antea,
613 2442 688 2480 nunc
703 2431 874 2499 praesentem
882 2423 1072 2480 videnttanta
1087 2430 1195 2499 tempe·

248 2500 345 2566 rantia,
355 2508 436 2557 tanta
444 2502 667 2568 mansuetudine,
678 2509 758 2558 tanta
772 2502 955 2568 humanitate,
966 2508 999 2558 ut
1012 2501 1030 2558 ii
1044 2500 1195 2559 beatissimi

249 2595 310 2635 esse
323 2578 480 2644 videantur,
495 2580 573 2655 apud
587 2598 658 2655 quos
672 2579 718 2636 ille
732 2580 886 2637 diutissime
900 2588 1099 2638 commoratur.

201 2665 240 2719 30
287 2655 340 2714 VI.
385 2662 430 2714 14.
452 2657 555 2725 Quare,
570 2657 594 2715 si
617 2666 736 2735 propter
755 2659 845 2716 socios
859 2660 936 2715 nulla
960 2659 1014 2735 ipsi
1035 2659 1135 2735 injuria
1154 2658 1195 2716 la·

248 2735 350 2802 oessiti,
370 2736 492 2812 majores
516 2736 603 2794 nostri
626 2756 692 2794 cum
712 2737 864 2805 Antiocho,
884 2757 950 2795 cum
971 2737 1113 2814 Philippc,
1128 2756 1195 2795 cum

248 2813 363 2880 AEtolis,
379 2833 444 2871 cum
464 2813 561 2871 Poenis
575 2814 650 2873 bella
664 2824 822 2892 gesserunt,
838 2823 944 2892 quanto
957 2835 1007 2875 vos
1021 2816 1115 2874 studio
1129 2835 1194 2873 con·

248 2888 443 2969 venitinjuriis
457 2901 626 2968 provocatos
640 2894 779 2951 sociorum
792 2895 912 2951 salutem
932 2913 1068 2951 unacum
1087 2894 1196 2971 imperii
1231 2948 1253 2955 ,

248 2971 333 3029 vestri
355 2970 492 3047 dignitate
516 2971 690 3030 defendere?
706 2973 875 3050 *praesertim
896 2992 984 3049 quum
1007 2973 1044 3030 dc
1067 2973 1195 3031 maximis

201 3058 238 3112 85
248 3050 348 3107 vestris
362 3050 547 3127 vectigalibus
561 3058 670 3127 agatur.

287 3129 364 3186 Nam
384 3136 541 3186 ceterarum
562 3129 767 3207 provinciarum
782 3129 939 3207 vectigalia,
960 3129 1196 3198 Quirites,‘tanta

248 3213 322 3274 sunt,
334 3214 367 3264 ut
388 3206 421 3265 iis
435 3207 472 3264 ad
493 3208 569 3284 ipsas
590 3208 747 3285 provincias
767 3208 901 3266 tutandas
922 3208 968 3265 vix
987 3209 1111 3267 contenti
1133 3227 1195 3268 esse

248 3286 405 3362 possimus;
426 3286 498 3344 Asia
512 3305 578 3344 vero
602 3294 662 3344 tam
676 3287 771 3364 opima
791 3294 835 3344 est
854 3306 888 3345 ac
901 3288 1007 3355 fertilis,
1022 3295 1055 3345 ut
1068 3295 1098 3345 et
1111 3289 1194 3346 uber·

5 3383 205 3415 *Mu-f
247 3371 307 3427 tate
321 3382 454 3423 aurorum
463 3372 494 3423 et
506 3365 641 3423 varietate
655 3366 803 3423 fructuum
812 3373 842 3422 et
855 3367 1047 3443 magnitudine
1061 3366 1195 3443 pastionis

200 3450 239 3506 40
248 3449 278 3501 et
290 3414 470 3501 multitudine
484 3462 582 3502 earum
601 3462 705 3510 rerum,
720 3463 784 3520 qua
798 3452 990 3520 exportantur,
1004 3445 1086 3502 facile
1107 3445 1194 3503 omni·

248 3521 303 3579 bus
316 3521 399 3579 terris
411 3522 569 3587 antecellat.
611 3523 715 3599 Itaque
729 3522 791 3579 haec
804 3522 885 3580 vobis
900 3523 1050 3599 provincia,
1063 3523 1194 3591 Quirites,

248 3598 315 3658 si'et
335 3599 400 3657 belli
413 3601 564 3658 utilitatem
580 3610 609 3659 et
625 3601 703 3677 pacis
717 3600 884 3677 dignitatem
897 3601 1015 3659 retinere
1029 3602 1123 3668 vultis,
1137 3620 1194 3659 non

248 3678 365 3737 modos
378 3679 544 3746 calamitate,
559 3680 610 3737 sed
625 3680 710 3737 etiam
730 3697 748 3736 a
761 3688 840 3737 metu
854 3680 1019 3737 calamitatis
1033 3686 1077 3736 est
1097 3680 1193 3738 desen·

248 3755 352 3823 denda
394 3763 440 3819 15.
460 3757 537 3827 Nam
559 3757 589 3828 in
608 3759 709 3827 ceteris
722 3756 920 3837 rebus,²'quum
940 3759 1017 3817 venit
1040 3758 1194 3827 calamitas,
