2742 4384
624 281 742 397 diuinor
756 315 788 355 11.

236 458 292 516 que
306 458 323 496 a
337 457 382 497 me
397 445 426 496 et
445 459 508 498 mos
520 441 661 519 majorum
675 449 705 500 et
719 443 806 521 hujus
825 443 933 522 imperii
946 443 1079 502 severitas
1094 449 1123 502 et
1135 462 1181 501 res

236 518 350 594 publica
364 518 534 594 postulabat.
576 520 635 577 Sed
660 540 746 597 quam
759 523 863 579 multos
887 523 973 580 fuisse
993 523 1108 599 putatis,
1123 523 1179 598 qui,

237 614 301 671 quae
325 615 379 674 ego
403 597 551 665 deferrem,
576 617 632 655 non
655 600 823 657 crederent?
864 598 970 677 [Quam
993 602 1106 668 multos,
1132 600 1180 676 qui

237 683 354 751 propter
367 674 514 731 stultitiam
528 696 583 733 non
594 664 779 757 putarefftff
804 679 897 747 Quam
907 680 1020 746 multos,
1035 680 1083 756 qui
1097 680 1181 736 etiam

208 753 442 811 bdefenderent‘?
492 752 599 831 [Quam
620 756 734 824 multos
759 757 806 833 qui
830 767 948 835 propter
970 758 1180 834 improbitatem

236 832 362 889 faverent
371 831 405 968 ‘lq
439 832 486 890 Ac
507 833 537 900 si,
553 834 601 892 illo
615 835 735 902 sublato,
751 835 855 912 depelli
878 855 896 892 a
909 837 988 894 vobis
1002 856 1084 894 omna
1108 836 1180 913 peri·

237 911 332 968 culum
352 911 385 989 ju
405 911 516 978 icarem,
534 912 705 989 jampridem
727 933 781 991 ego
805 914 837 972 L.
853 914 1001 972 Catilinam
1019 935 1074 973 non
1095 914 1181 972 modo
1213 922 1220 934 '

237 989 348 1046 invidiae
362 978 555 1067 m‘e'ssss‘ierum
562 991 647 1067 etiam
655 991 720 1049 vitae
734 993 858 1070 periculo
869 994 1053 1051 sustulissem.
1079 999 1105 1051 4.
1122 993 1181 1051 Sed

238 1087 325 1144 quum
338 1049 512 1158 mddreer
525 1062 605 1128 veliis
620 1069 734 1146 quidem
748 1061 876 1128 omuibus
896 1069 1025 1129 r'e'etffl‘m
1039 1079 1100 1129 tum
1116 1091 1197 1149 pro·⁷=

190 1152 227 1205 10
238 1144 320 1249 bata)
334 1146 357 1203 si
365 1131 468 1213 urum,
483 1155 517 1204 ut
541 1156 601 1205 erat
624 1149 749 1216 meritus,
770 1157 860 1206 morte
879 1151 1051 1217 multassem,
1064 1138 1133 1215 sole,
1148 1148 1197 1222 ut¹

238 1225 299 1301 ejus
313 1225 403 1282 socios
416 1225 521 1282 invidia
534 1245 689 1303 oppressus
705 1227 835 1304 persequi
848 1246 904 1284 non
917 1247 1038 1306 possem,
1052 1247 1111 1284 rem
1126 1228 1181 1284 huc
1205 1222 1231 1253 ”
1258 1258 1261 1273 ι
1295 1264 1298 1279 »
1332 1239 1347 1273 r

238 1302 351 1370 deduxi
380 1309 413 1359 ut
439 1310 501 1360 tum
529 1305 623 1381 palam
651 1323 778 1382 pugnare
806 1300 1046 1382 possetis,'qirum
1070 1307 1180 1362 hostem

238 1390 336 1459 aperte
346 1381 486 1438 videretis.
496 1384 505 1439 l
517 1384 608 1451 Quem
623 1383 735 1459 quidem
750 1402 804 1461 ego
818 1383 937 1450 hostem,
952 1383 1082 1451 Quirites,
1096 1401 1182 1458 quam
1203 1410 1205 1415 ·

237 1460 420 1518 vehementer
431 1459 500 1517 foris
514 1460 746 1537 essetimendum
767 1469 873 1537 putem,
887 1462 953 1519 licet
967 1461 1031 1519 hinc
1045 1462 1181 1547 intelliga-

238 1539 282 1604 tis,
304 1538 381 1614 quod
405 1537 491 1595 etiam
514 1530 583 1596 illud
591 1530 726 1597 *moleste
745 1539 819 1605 fero,
831 1540 909 1616 quod
933 1558 968 1596 ex
988 1542 1058 1598 urbc
1082 1542 1189 1617 parum,

159 1620 179 1661 r·
239 1618 389 1675 comitatus
411 1616 516 1675 exierit.
557 1618 674 1675 Utinam
696 1617 742 1675 ille
766 1636 863 1674 omnes
884 1637 980 1676 secum
997 1637 1063 1676 suas
1087 1618 1182 1695 copias

238 1695 398 1777 eduxisset!
439 1695 597 1774 Tongilium
618 1696 686 1752 mihi
707 1696 812 1763 eduxit,
835 1715 920 1772 quem
940 1715 1035 1755 amare
1058 1697 1086 1758 in
1110 1715 1182 1774 prae·

238 1762 497 1853 tentalcalumnia]
509 1780 652 1851 coeperat;
672 1774 831 1832 Publicium
841 1782 871 1832 et
884 1775 1050 1845 Munatium,
1062 1794 1182 1853 quorum

115 1890 118 1897 ·
137 1874 140 1883 ·
169 1862 193 1869 “·
210 1884 220 1907 ·,
239 1853 414 1912 aes'alienum
420 1861 601 1912 contractum
610 1853 639 1910 in
653 1853 757 1931 popina
767 1854 875 1911 nullum
889 1853 930 1911 rei
943 1855 1183 2059 pubbcwum
1284 1902 1287 1915 ,

190 1939 228 1993 20
239 1934 337 1991 afferre
361 1938 489 2010 poterat:
520 1933 631 2008 reliquit
652 1951 724 2009 quos
746 1931 838 1990 viros!
869 1939 974 2011 quanto
998 1952 1054 1992 aere
1107 1932 1182 2017 'enol

51 602 62 631 ‚'
79 616 108 629 -ι

70 648 118 702 1th

239 2031 325 2089 quam
339 2012 484 2070 valentes!
505 2030 590 2090 quam
604 2010 730 2069 nobiles!
1141 2070 1142 2075 χ

82 2122 91 2137 ·
159 2100 188 2173 t(
279 2091 334 2149 ΙΙΙ.
377 2101 405 2150 5.
428 2092 529 2166 Itaque
543 2109 597 2169 ego
617 2090 697 2146 illum
711 2089 863 2147 exercitum
876 2097 906 2147 et
927 2090 1077 2148 Gallicanis
1097 2089 1183 2168 legio·

238 2169 322 2227 nibus
333 2175 362 2226 et
375 2170 430 2227 hoc
442 2168 563 2236 delectu,
575 2187 660 2246 quem
673 2168 703 2225 in
715 2187 786 2246 agro
798 2168 903 2226 Piceno
913 2176 942 2226 et
958 2170 1066 2227 Gallico
1077 2170 1111 2239 Q.
1123 2169 1182 2227 Me-

239 2248 323 2305 tellus
332 2248 439 2316 habuit,
451 2255 480 2305 et
492 2248 536 2305 his
545 2248 641 2325 copiiS,
653 2266 744 2324 quaea
753 2248 832 2305 nobis
841 2248 965 2325 quotidie
976 2257 1182 2326 comparantur,

191 2331 228 2386 25
239 2345 342 2404 magno
356 2345 442 2404 opere
457 2332 614 2394 contemno,
629 2327 779 2385 collectum
793 2345 828 2384 ex
842 2328 955 2385 senibus
969 2327 1133 2404 desperatis,
1149 2347 1184 2384 cx
1280 2322 1282 2327 ’

239 2405 344 2482 agresti
356 2405 475 2472 luxuria,
490 2425 526 2463 ex
539 2406 649 2463 rusticis
669 2406 872 2474 decoctoribus,
888 2426 923 2464 ex
942 2406 983 2474 iis,
998 2408 1047 2484 qui
1060 2405 1183 2463 vadimo-

239 2484 285 2540 nia
298 2483 427 2541 deserere
441 2501 527 2560 quam
546 2484 625 2541 illurn
639 2485 793 2542 exercitum
813 2486 972 2542 maluerrmt
981 2506 988 2553 ;
1010 2486 1112 2562 quibus
1129 2502 1183 2560 ego

239 2580 296 2619 non
309 2562 395 2619 modo
409 2562 432 2619 si
446 2562 535 2618 aciem
549 2562 688 2619 exercitus
701 2563 797 2629 nostri,
811 2581 911 2619 verum
924 2564 1009 2620 etiam
1022 2564 1045 2619 si
1059 2563 1183 2619 edictum

240 2640 369 2719 praetoris
383 2640 541 2707 ostendero,
556 2640 712 2697 concident.
754 2639 824 2705 Hos,
839 2659 910 2715 quos
924 2640 1006 2697 video
1020 2640 1136 2697 volitare
1156 2639 1185 2696 in

192 2725 230 2778 80
240 2721 312 2788 soro,
327 2708 537 2796 quos'stdfe‘ad
558 2717 671 2786 cunam,
687 2737 758 2794 quos
778 2716 863 2775 etiam
884 2718 913 2774 in
931 2725 1061 2797 senatum
1074 2718 1167 2776 venire
1176 2737 1183 2785 ;

186 2840 193 2873 ,
240 2799 289 2876 qui
310 2800 401 2856 nitent
419 2797 578 2876 unguentis,
596 2797 644 2874 qui
666 2797 778 2875 fulgent
802 2790 936 2873 purpura',
950 2797 1064 2853 mallem
1088 2815 1184 2854 secum

107 2900 118 2945 ;
168 2864 176 2903 ”
196 2876 230 2937 ..l
241 2896 308 2935 suos
326 2878 428 2935 milites
448 2875 607 2941 eduxisset:
635 2878 684 2954 qui
706 2876 730 2933 si
751 2875 797 2932 hic
820 2882 992 2952 permanent,
1013 2883 1192 2941 mementote¹

221 2956 297 3013 'nou
310 2964 370 3014 tam
384 2945 630 3014 exercilum‘illum
638 2973 700 3013 esse
714 2954 794 3012 nobis
808 2973 894 3030 quam
902 2954 963 3020 hoS,
973 2954 1021 3030 qui
1031 2953 1184 3011 exercitum

241 3035 434 3103 deseruerunt,
457 3033 704 3112 pertimescendos.
753 3033 852 3110 Atque
873 3033 929 3124 ¹220
949 3033 1035 3090 etiam
1062 3040 1128 3089 suut
1152 3033 1215 3101 ti-or
1288 3057 1344 3101 e,

193 3119 231 3172 at
241 3114 336 3171 mendi
348 3115 449 3193 magis,
463 3113 549 3190 quod,
563 3111 632 3189 quid
652 3112 785 3191 cogitent,
806 3130 853 3169 me
872 3131 942 3169 scire
956 3111 1079 3169 sentiunt
1092 3129 1183 3186 nequo

242 3200 338 3250 tamen
352 3199 559 3270 permoventur.
591 3196 617 3248 6.
632 3191 733 3257 Video,
745 3191 790 3252 cui
800 3192 836 3269 sit
846 3191 953 3280 Apulia
966 3190 1110 3257 attributa,
1120 3190 1183 3265 quis

241 3271 346 3330 habeat
355 3269 572 3345 Etruriam,quis
579 3288 680 3347 agmm
689 3269 829 3337 Picenum,
837 3289 899 3345 quis
909 3264 1058 3336 Gffllicum,
1068 3266 1186 3346 quissibi

241 3344 430 3408 ha's‘nrbanas
444 3349 556 3406 insidias
570 3349 655 3407 credis
668 3355 754 3424 atque
773 3347 964 3405 incendiorum
980 3346 1184 3424 depoposcerit.

243 3428 346 3485 Omnia
359 3427 510 3507 superioris
518 3427 608 3485 noctis
619 3427 732 3485 consilia
745 3426 838 3484 adme
852 3426 960 3502 perlata
971 3444 1032 3482 esse
1046 3426 1168 3483 sentiunt
1179 3443 1186 3492 ;

193 3517 233 3571 40
244 3507 364 3583 patefeci
377 3504 516 3565 incenatu
529 3507 660 3564 hesterno
674 3505 736 3571 die;
752 3504 871 3562 Catilina
883 3505 944 3581 ipse
959 3504 1110 3580 pertimuit,
1123 3523 1186 3581 pro·

242 3585 334 3664 fugit:
355 3587 385 3644 hi
405 3586 472 3664 quid
487 3591 654 3662 exspectant
663 3570 781 3641 ‘Prie
800 3582 840 3641 illi
853 3583 1035 3639 vehementer
1048 3591 1149 3647 errant,
1164 3581 1187 3638 si

242 3664 320 3725 illam
331 3684 422 3723 meam
433 3664 578 3742 pristinam
591 3663 733 3721 lenitatem
747 3669 915 3739 perpetuam
925 3668 1039 3737 sperant
1051 3661 1185 3717 futuram.

284 3740 336 3807 IV.
358 3744 441 3813 Quod
456 3742 624 3821 exspectari,
642 3742 703 3819 jam
723 3759 786 3798 sum
800 3743 955 3806 assecutus}
968 3748 1001 3796 ut
1020 3757 1071 3796 vos
1091 3757 1188 3796 omnes

243 3822 350 3885 iactam
363 3841 425 3882 esse
438 3830 537 3900 aperte
556 3821 778 3899 conjurationem
797 3826 895 3878 contra
914 3837 974 3877 rem
993 3816 1135 3896 publicam
1148 3816 1187 3874 vi·
