<?xml version="1.0" encoding="UTF-8"?>
<!DOCTYPE html PUBLIC "-//W3C//DTD XHTML 1.0 Transitional//EN"
    "http://www.w3.org/TR/xhtml1/DTD/xhtml1-transitional.dtd">
<html xmlns="http://www.w3.org/1999/xhtml" xml:lang="en" lang="en">
 <head>
  <title>
</title>
<meta http-equiv="Content-Type" content="text/html;charset=utf-8" />
  <meta name='ocr-system' content='tesseract 3.04.00' />
  <meta name='ocr-capabilities' content='ocr_page ocr_carea ocr_par ocr_line ocrx_word'/>
</head>
<body>
  <div class='ocr_page' id='page_1' title='image "./selectorationsm03cicegoog_0127.png"; bbox 0 0 2742 4384; ppageno 0'>
   <div class='ocr_carea' id='block_1_1' title="bbox 362 283 1123 345">
    <p class='ocr_par' dir='ltr' id='par_1_1' title="bbox 362 283 1123 345">
     <span class='ocr_line' id='line_1_1' title="bbox 362 283 1123 345; baseline 0.011 -13"><span class='ocrx_word' id='word_1_1' title='bbox 362 293 420 333; x_wconf 79' lang='lat' dir='ltr'>rao</span> <span class='ocrx_word' id='word_1_2' title='bbox 434 294 458 333; x_wconf 86' lang='lat' dir='ltr'>r.</span> <span class='ocrx_word' id='word_1_3' title='bbox 475 294 570 334; x_wconf 77' lang='lat' dir='ltr'>suurn</span> <span class='ocrx_word' id='word_1_4' title='bbox 584 293 704 345; x_wconf 79' lang='grc' dir='ltr'>ιιιιιοιιι,</span> <span class='ocrx_word' id='word_1_5' title='bbox 719 294 785 335; x_wconf 77' lang='lat' dir='ltr'>oar.</span> <span class='ocrx_word' id='word_1_6' title='bbox 801 294 848 335; x_wconf 70' lang='lat' dir='ltr'>xz</span> <span class='ocrx_word' id='word_1_7' title='bbox 1068 283 1123 340; x_wconf 82' lang='lat' dir='ltr'>tat</span> 
     </span>
    </p>
   </div>
   <div class='ocr_carea' id='block_1_2' title="bbox 123 422 1124 1991">
    <p class='ocr_par' dir='ltr' id='par_1_2' title="bbox 123 422 1124 1991">
     <span class='ocr_line' id='line_1_2' title="bbox 124 422 1074 492; baseline 0.003 -10"><span class='ocrx_word' id='word_1_8' title='bbox 124 441 242 483; x_wconf 82' lang='lat' dir='ltr'>causam</span> <span class='ocrx_word' id='word_1_9' title='bbox 265 422 475 481; x_wconf 74' lang='lat' dir='ltr'><strong>festinationis?</strong></span> <span class='ocrx_word' id='word_1_10' title='bbox 524 422 607 492; x_wconf 80' lang='lat' dir='ltr'>Quod</span> <span class='ocrx_word' id='word_1_11' title='bbox 631 423 712 481; x_wconf 75' lang='lat' dir='ltr'>lieres</span> <span class='ocrx_word' id='word_1_12' title='bbox 733 424 816 481; x_wconf 73' lang='lat' dir='ltr'>erat?</span> <span class='ocrx_word' id='word_1_13' title='bbox 864 424 990 483; x_wconf 87' lang='lat' dir='ltr'>Primum</span> <span class='ocrx_word' id='word_1_14' title='bbox 1013 434 1074 485; x_wconf 80' lang='lat' dir='ltr'>etat</span> 
     </span>
     <span class='ocr_line' id='line_1_3' title="bbox 125 501 1073 581; baseline 0.003 -21"><span class='ocrx_word' id='word_1_15' title='bbox 125 503 199 569; x_wconf 87' lang='lat' dir='ltr'>nibil,</span> <span class='ocrx_word' id='word_1_16' title='bbox 215 521 270 560; x_wconf 93' lang='lat' dir='ltr'>cur</span> <span class='ocrx_word' id='word_1_17' title='bbox 283 510 439 578; x_wconf 85' lang='lat' dir='ltr'>properato</span> <span class='ocrx_word' id='word_1_18' title='bbox 452 520 525 578; x_wconf 89' lang='lat' dir='ltr'>opus</span> <span class='ocrx_word' id='word_1_19' title='bbox 538 512 630 567; x_wconf 84' lang='lat' dir='ltr'>esset;</span> <span class='ocrx_word' id='word_1_20' title='bbox 651 501 760 568; x_wconf 66' lang='lat' dir='ltr'>deirrde</span> <span class='ocrx_word' id='word_1_21' title='bbox 779 502 802 560; x_wconf 88' lang='lat' dir='ltr'>si</span> <span class='ocrx_word' id='word_1_22' title='bbox 822 502 889 579; x_wconf 89' lang='lat' dir='ltr'>qnid</span> <span class='ocrx_word' id='word_1_23' title='bbox 907 514 991 570; x_wconf 86' lang='lat' dir='ltr'>esset,</span> <span class='ocrx_word' id='word_1_24' title='bbox 1005 504 1073 581; x_wconf 87' lang='lat' dir='ltr'>quid</span> 
     </span>
     <span class='ocr_line' id='line_1_4' title="bbox 125 579 1074 658; baseline 0.003 -20"><span class='ocrx_word' id='word_1_25' title='bbox 125 581 242 639; x_wconf 82' lang='lat' dir='ltr'>tandem</span> <span class='ocrx_word' id='word_1_26' title='bbox 270 588 342 645; x_wconf 90' lang='lat' dir='ltr'>erat,</span> <span class='ocrx_word' id='word_1_27' title='bbox 370 579 445 656; x_wconf 91' lang='lat' dir='ltr'>qnod</span> <span class='ocrx_word' id='word_1_28' title='bbox 475 598 509 635; x_wconf 89' lang='lat' dir='ltr'>ea</span> <span class='ocrx_word' id='word_1_29' title='bbox 532 590 616 638; x_wconf 90' lang='lat' dir='ltr'>nocte</span> <span class='ocrx_word' id='word_1_30' title='bbox 642 582 773 658; x_wconf 86' lang='lat' dir='ltr'>consequi</span> <span class='ocrx_word' id='word_1_31' title='bbox 801 592 905 658; x_wconf 87' lang='lat' dir='ltr'>posset,</span> <span class='ocrx_word' id='word_1_32' title='bbox 933 582 1074 641; x_wconf 84' lang='lat' dir='ltr'>amitteret</span> 
     </span>
     <span class='ocr_line' id='line_1_5' title="bbox 125 658 1072 737; baseline 0.001 -20"><span class='ocrx_word' id='word_1_33' title='bbox 125 668 230 726; x_wconf 84' lang='lat' dir='ltr'>antem,</span> <span class='ocrx_word' id='word_1_34' title='bbox 251 659 277 716; x_wconf 89' lang='lat' dir='ltr'>si</span> <span class='ocrx_word' id='word_1_35' title='bbox 291 658 428 736; x_wconf 74' lang='lat' dir='ltr'><strong>postridie</strong></span> <span class='ocrx_word' id='word_1_36' title='bbox 449 658 569 715; x_wconf 85' lang='lat' dir='ltr'><strong>Romam</strong></span> <span class='ocrx_word' id='word_1_37' title='bbox 590 677 673 715; x_wconf 88' lang='lat' dir='ltr'>mane</span> <span class='ocrx_word' id='word_1_38' title='bbox 687 660 831 717; x_wconf 75' lang='lat' dir='ltr'>venisset?</span> <span class='ocrx_word' id='word_1_39' title='bbox 872 662 970 737; x_wconf 76' lang='lat' dir='ltr'>Atque</span> <span class='ocrx_word' id='word_1_40' title='bbox 984 672 1016 717; x_wconf 98' lang='grc' dir='ltr'>ιιι</span> <span class='ocrx_word' id='word_1_41' title='bbox 1036 662 1072 719; x_wconf 91' lang='lat' dir='ltr'>illi</span> 
     </span>
     <span class='ocr_line' id='line_1_6' title="bbox 125 736 1103 817; baseline 0.008 -24"><span class='ocrx_word' id='word_1_42' title='bbox 125 747 281 795; x_wconf 87' lang='lat' dir='ltr'>nocturnus</span> <span class='ocrx_word' id='word_1_43' title='bbox 295 737 333 794; x_wconf 94' lang='lat' dir='ltr'>ad</span> <span class='ocrx_word' id='word_1_44' title='bbox 348 737 448 793; x_wconf 90' lang='lat' dir='ltr'>urbem</span> <span class='ocrx_word' id='word_1_45' title='bbox 466 736 605 794; x_wconf 87' lang='lat' dir='ltr'>adventus</span> <span class='ocrx_word' id='word_1_46' title='bbox 626 736 756 794; x_wconf 82' lang='lat' dir='ltr'>vitandus</span> <span class='ocrx_word' id='word_1_47' title='bbox 777 738 968 815; x_wconf 83' lang='lat' dir='ltr'>potiusquam</span> <span class='ocrx_word' id='word_1_48' title='bbox 987 750 1103 817; x_wconf 82' lang='lat' dir='ltr'>expe-tt</span> 
     </span>
     <span class='ocr_line' id='line_1_7' title="bbox 124 814 1072 890; baseline 0.004 -17"><span class='ocrx_word' id='word_1_49' title='bbox 124 816 227 873; x_wconf 83' lang='lat' dir='ltr'>tendas</span> <span class='ocrx_word' id='word_1_50' title='bbox 248 816 314 881; x_wconf 85' lang='lat' dir='ltr'>fuit,</span> <span class='ocrx_word' id='word_1_51' title='bbox 329 815 370 872; x_wconf 88' lang='lat' dir='ltr'>sic</span> <span class='ocrx_word' id='word_1_52' title='bbox 390 814 495 880; x_wconf 87' lang='lat' dir='ltr'>Miloni,</span> <span class='ocrx_word' id='word_1_53' title='bbox 513 834 601 890; x_wconf 88' lang='lat' dir='ltr'>quum</span> <span class='ocrx_word' id='word_1_54' title='bbox 621 814 764 872; x_wconf 78' lang='lat' dir='ltr'>insidiator</span> <span class='ocrx_word' id='word_1_55' title='bbox 787 827 870 881; x_wconf 87' lang='lat' dir='ltr'>esset,</span> <span class='ocrx_word' id='word_1_56' title='bbox 891 817 914 873; x_wconf 84' lang='lat' dir='ltr'>si</span> <span class='ocrx_word' id='word_1_57' title='bbox 935 817 1013 875; x_wconf 91' lang='lat' dir='ltr'>illum</span> <span class='ocrx_word' id='word_1_58' title='bbox 1034 819 1072 877; x_wconf 86' lang='lat' dir='ltr'>ad</span> 
     </span>
     <span class='ocr_line' id='line_1_8' title="bbox 124 892 1072 972; baseline 0.003 -20"><span class='ocrx_word' id='word_1_59' title='bbox 124 896 225 952; x_wconf 86' lang='lat' dir='ltr'>urbem</span> <span class='ocrx_word' id='word_1_60' title='bbox 247 901 338 958; x_wconf 78' lang='lat' dir='ltr'>noctu</span> <span class='ocrx_word' id='word_1_61' title='bbox 359 911 539 951; x_wconf 86' lang='lat' dir='ltr'>accessurum</span> <span class='ocrx_word' id='word_1_62' title='bbox 560 892 674 960; x_wconf 75' lang='lat' dir='ltr'>sciebat,</span> <span class='ocrx_word' id='word_1_63' title='bbox 697 894 898 952; x_wconf 87' lang='lat' dir='ltr'>subsidendum</span> <span class='ocrx_word' id='word_1_64' title='bbox 919 906 1005 972; x_wconf 87' lang='lat' dir='ltr'>atque</span> <span class='ocrx_word' id='word_1_65' title='bbox 1025 916 1072 955; x_wconf 84' lang='lat' dir='ltr'>ex·</span> 
     </span>
     <span class='ocr_line' id='line_1_9' title="bbox 124 970 1072 1049; baseline 0.003 -20"><span class='ocrx_word' id='word_1_66' title='bbox 124 973 316 1049; x_wconf 87' lang='lat' dir='ltr'>spectandum</span> <span class='ocrx_word' id='word_1_67' title='bbox 332 971 393 1028; x_wconf 81' lang='lat' dir='ltr'>fnit.</span> <span class='ocrx_word' id='word_1_68' title='bbox 435 977 481 1030; x_wconf 77' lang='lat'>50.</span> <span class='ocrx_word' id='word_1_69' title='bbox 505 970 610 1037; x_wconf 88' lang='lat' dir='ltr'>Noctu,</span> <span class='ocrx_word' id='word_1_70' title='bbox 630 970 763 1029; x_wconf 90' lang='lat' dir='ltr'>insidioso</span> <span class='ocrx_word' id='word_1_71' title='bbox 781 982 810 1030; x_wconf 85' lang='lat' dir='ltr'>st</span> <span class='ocrx_word' id='word_1_72' title='bbox 830 973 913 1049; x_wconf 90' lang='lat' dir='ltr'>pleno</span> <span class='ocrx_word' id='word_1_73' title='bbox 933 974 1072 1033; x_wconf 87' lang='lat' dir='ltr'>latronum</span> 
     </span>
     <span class='ocr_line' id='line_1_10' title="bbox 123 1049 1072 1129; baseline 0.001 -20"><span class='ocrx_word' id='word_1_74' title='bbox 123 1050 151 1108; x_wconf 89' lang='lat' dir='ltr'>in</span> <span class='ocrx_word' id='word_1_75' title='bbox 167 1051 233 1109; x_wconf 94' lang='lat' dir='ltr'>loco</span> <span class='ocrx_word' id='word_1_76' title='bbox 255 1050 426 1115; x_wconf 85' lang='lat' dir='ltr'>occidisset;</span> <span class='ocrx_word' id='word_1_77' title='bbox 446 1068 530 1106; x_wconf 91' lang='lat' dir='ltr'>nemo</span> <span class='ocrx_word' id='word_1_78' title='bbox 550 1049 574 1106; x_wconf 91' lang='lat' dir='ltr'>ei</span> <span class='ocrx_word' id='word_1_79' title='bbox 594 1051 708 1127; x_wconf 79' lang='lat' dir='ltr'>neganti</span> <span class='ocrx_word' id='word_1_80' title='bbox 728 1069 783 1108; x_wconf 89' lang='lat' dir='ltr'>non</span> <span class='ocrx_word' id='word_1_81' title='bbox 801 1051 974 1119; x_wconf 83' lang='lat' dir='ltr'>credidisset,</span> <span class='ocrx_word' id='word_1_82' title='bbox 988 1071 1072 1129; x_wconf 87' lang='lat' dir='ltr'>quem</span> 
     </span>
     <span class='ocr_line' id='line_1_11' title="bbox 123 1128 1124 1193; baseline 0.005 -6"><span class='ocrx_word' id='word_1_83' title='bbox 123 1148 183 1187; x_wconf 90' lang='lat' dir='ltr'>csse</span> <span class='ocrx_word' id='word_1_84' title='bbox 198 1149 302 1187; x_wconf 90' lang='lat' dir='ltr'>omnes</span> <span class='ocrx_word' id='word_1_85' title='bbox 316 1129 425 1187; x_wconf 82' lang='lat' dir='ltr'>salvum</span> <span class='ocrx_word' id='word_1_86' title='bbox 446 1128 531 1185; x_wconf 89' lang='lat' dir='ltr'>etiam</span> <span class='ocrx_word' id='word_1_87' title='bbox 552 1128 729 1186; x_wconf 86' lang='lat' dir='ltr'>confitentem</span> <span class='ocrx_word' id='word_1_88' title='bbox 744 1130 850 1187; x_wconf 79' lang='lat' dir='ltr'>volunt</span> <span class='ocrx_word' id='word_1_89' title='bbox 890 1130 1073 1189; x_wconf 82' lang='lat' dir='ltr'>Sustinuissct</span> <span class='ocrx_word' id='word_1_90' title='bbox 1087 1138 1124 1193; x_wconf 89' lang='lat'>10</span> 
     </span>
     <span class='ocr_line' id='line_1_12' title="bbox 123 1205 1073 1288; baseline 0.004 -24"><span class='ocrx_word' id='word_1_91' title='bbox 123 1207 175 1266; x_wconf 89' lang='lat' dir='ltr'>boc</span> <span class='ocrx_word' id='word_1_92' title='bbox 191 1209 303 1267; x_wconf 80' lang='lat' dir='ltr'>crimen</span> <span class='ocrx_word' id='word_1_93' title='bbox 317 1207 439 1284; x_wconf 90' lang='lat' dir='ltr'>primum</span> <span class='ocrx_word' id='word_1_94' title='bbox 451 1206 513 1283; x_wconf 91' lang='lat' dir='ltr'>ipse</span> <span class='ocrx_word' id='word_1_95' title='bbox 527 1205 573 1264; x_wconf 90' lang='lat' dir='ltr'>ille</span> <span class='ocrx_word' id='word_1_96' title='bbox 587 1206 726 1265; x_wconf 87' lang='lat' dir='ltr'>latronum</span> <span class='ocrx_word' id='word_1_97' title='bbox 737 1208 893 1266; x_wconf 85' lang='lat' dir='ltr'>occultator</span> <span class='ocrx_word' id='word_1_98' title='bbox 901 1220 930 1267; x_wconf 90' lang='lat' dir='ltr'>et</span> <span class='ocrx_word' id='word_1_99' title='bbox 944 1219 1073 1288; x_wconf 88' lang='lat' dir='ltr'>receptor</span> 
     </span>
     <span class='ocr_line' id='line_1_13' title="bbox 123 1285 1074 1365; baseline 0.002 -21"><span class='ocrx_word' id='word_1_100' title='bbox 123 1285 219 1354; x_wconf 87' lang='lat' dir='ltr'>locus;</span> <span class='ocrx_word' id='word_1_101' title='bbox 253 1294 317 1343; x_wconf 91' lang='lat' dir='ltr'>tum</span> <span class='ocrx_word' id='word_1_102' title='bbox 340 1304 431 1361; x_wconf 91' lang='lat' dir='ltr'>neque</span> <span class='ocrx_word' id='word_1_103' title='bbox 454 1292 536 1341; x_wconf 85' lang='lat' dir='ltr'>muta</span> <span class='ocrx_word' id='word_1_104' title='bbox 559 1285 681 1343; x_wconf 87' lang='lat' dir='ltr'>solitudo</span> <span class='ocrx_word' id='word_1_105' title='bbox 706 1285 863 1354; x_wconf 83' lang='lat' dir='ltr'>indicasset,</span> <span class='ocrx_word' id='word_1_106' title='bbox 884 1306 974 1365; x_wconf 88' lang='lat' dir='ltr'>neque</span> <span class='ocrx_word' id='word_1_107' title='bbox 995 1308 1074 1346; x_wconf 81' lang='lat' dir='ltr'>caeca</span> 
     </span>
     <span class='ocr_line' id='line_1_14' title="bbox 124 1363 1071 1435; baseline 0.005 -15"><span class='ocrx_word' id='word_1_108' title='bbox 124 1383 178 1421; x_wconf 83' lang='lat' dir='ltr'>nox</span> <span class='ocrx_word' id='word_1_109' title='bbox 197 1364 374 1422; x_wconf 74' lang='lat' dir='ltr'>ostendisset</span> <span class='ocrx_word' id='word_1_110' title='bbox 387 1363 538 1429; x_wconf 70' lang='lat' dir='ltr'>Milonem</span> <span class='ocrx_word' id='word_1_111' title='bbox 558 1363 659 1420; x_wconf 67' lang='lat' dir='ltr'>ddnde</span> <span class='ocrx_word' id='word_1_112' title='bbox 682 1363 721 1422; x_wconf 87' lang='lat' dir='ltr'>ibi</span> <span class='ocrx_word' id='word_1_113' title='bbox 740 1364 822 1422; x_wconf 87' lang='lat' dir='ltr'>multi</span> <span class='ocrx_word' id='word_1_114' title='bbox 842 1367 879 1423; x_wconf 86' lang='lat' dir='ltr'>ab</span> <span class='ocrx_word' id='word_1_115' title='bbox 900 1366 947 1424; x_wconf 90' lang='lat' dir='ltr'>illo</span> <span class='ocrx_word' id='word_1_116' title='bbox 967 1367 1071 1435; x_wconf 85' lang='lat' dir='ltr'>violati,</span> 
     </span>
     <span class='ocr_line' id='line_1_15' title="bbox 125 1440 1071 1524; baseline 0.004 -24"><span class='ocrx_word' id='word_1_117' title='bbox 125 1443 246 1519; x_wconf 82' lang='lat' dir='ltr'>spoliati,</span> <span class='ocrx_word' id='word_1_118' title='bbox 268 1443 351 1501; x_wconf 91' lang='lat' dir='ltr'>bonis</span> <span class='ocrx_word' id='word_1_119' title='bbox 370 1441 489 1519; x_wconf 84' lang='lat' dir='ltr'>expulsi,</span> <span class='ocrx_word' id='word_1_120' title='bbox 503 1440 585 1500; x_wconf 92' lang='lat' dir='ltr'>multi</span> <span class='ocrx_word' id='word_1_121' title='bbox 606 1442 668 1500; x_wconf 72' lang='lat' dir='ltr'>hec</span> <span class='ocrx_word' id='word_1_122' title='bbox 681 1443 767 1500; x_wconf 87' lang='lat' dir='ltr'>etiam</span> <span class='ocrx_word' id='word_1_123' title='bbox 787 1444 916 1503; x_wconf 87' lang='lat' dir='ltr'>timentes</span> <span class='ocrx_word' id='word_1_124' title='bbox 940 1446 968 1503; x_wconf 92' lang='lat' dir='ltr'>in</span> <span class='ocrx_word' id='word_1_125' title='bbox 981 1447 1071 1524; x_wconf 74' lang='lat' dir='ltr'>aruspi-</span> 
     </span>
     <span class='ocr_line' id='line_1_16' title="bbox 125 1519 1123 1596; baseline 0.007 -17"><span class='ocrx_word' id='word_1_126' title='bbox 125 1522 234 1580; x_wconf 86' lang='lat' dir='ltr'>cionem</span> <span class='ocrx_word' id='word_1_127' title='bbox 255 1521 405 1587; x_wconf 88' lang='lat' dir='ltr'>caderent;</span> <span class='ocrx_word' id='word_1_128' title='bbox 427 1528 489 1577; x_wconf 80' lang='lat' dir='ltr'>tota</span> <span class='ocrx_word' id='word_1_129' title='bbox 508 1519 628 1596; x_wconf 89' lang='lat' dir='ltr'>denique</span> <span class='ocrx_word' id='word_1_130' title='bbox 649 1538 698 1577; x_wconf 87' lang='lat' dir='ltr'>rea</span> <span class='ocrx_word' id='word_1_131' title='bbox 711 1521 845 1579; x_wconf 85' lang='lat' dir='ltr'>citaretur</span> <span class='ocrx_word' id='word_1_132' title='bbox 864 1523 982 1583; x_wconf 75' lang='lat' dir='ltr'>Etruria</span> <span class='ocrx_word' id='word_1_133' title='bbox 1025 1532 1123 1586; x_wconf 74' lang='grc' dir='ltr'>11.Ιὸ</span> 
     </span>
     <span class='ocr_line' id='line_1_17' title="bbox 126 1598 1072 1677; baseline 0.005 -21"><span class='ocrx_word' id='word_1_134' title='bbox 126 1600 223 1677; x_wconf 83' lang='lat' dir='ltr'>Atque</span> <span class='ocrx_word' id='word_1_135' title='bbox 238 1600 287 1657; x_wconf 93' lang='lat' dir='ltr'>illo</span> <span class='ocrx_word' id='word_1_136' title='bbox 301 1600 347 1658; x_wconf 91' lang='lat' dir='ltr'>die</span> <span class='ocrx_word' id='word_1_137' title='bbox 361 1606 437 1656; x_wconf 90' lang='lat' dir='ltr'>certe</span> <span class='ocrx_word' id='word_1_138' title='bbox 449 1598 547 1655; x_wconf 82' lang='lat' dir='ltr'>Aricia</span> <span class='ocrx_word' id='word_1_139' title='bbox 560 1598 669 1656; x_wconf 90' lang='lat' dir='ltr'>rediens</span> <span class='ocrx_word' id='word_1_140' title='bbox 682 1598 803 1658; x_wconf 85' lang='lat' dir='ltr'>devertit</span> <span class='ocrx_word' id='word_1_141' title='bbox 817 1601 934 1659; x_wconf 82' lang='lat' dir='ltr'>Clodius</span> <span class='ocrx_word' id='word_1_142' title='bbox 947 1602 985 1660; x_wconf 88' lang='lat' dir='ltr'>ad</span> <span class='ocrx_word' id='word_1_143' title='bbox 999 1622 1030 1661; x_wconf 88' lang='lat' dir='ltr'>sc</span> <span class='ocrx_word' id='word_1_144' title='bbox 1044 1604 1072 1660; x_wconf 89' lang='lat' dir='ltr'>in</span> 
     </span>
     <span class='ocr_line' id='line_1_18' title="bbox 127 1677 1072 1758; baseline 0.002 -21"><span class='ocrx_word' id='word_1_145' title='bbox 127 1679 281 1737; x_wconf 82' lang='lat' dir='ltr'>Albanum</span> <span class='ocrx_word' id='word_1_146' title='bbox 323 1677 407 1747; x_wconf 85' lang='lat' dir='ltr'>Quod</span> <span class='ocrx_word' id='word_1_147' title='bbox 421 1686 455 1734; x_wconf 94' lang='lat' dir='ltr'>ut</span> <span class='ocrx_word' id='word_1_148' title='bbox 474 1677 558 1735; x_wconf 87' lang='lat' dir='ltr'>sciret</span> <span class='ocrx_word' id='word_1_149' title='bbox 571 1677 648 1743; x_wconf 84' lang='lat' dir='ltr'>Milo,</span> <span class='ocrx_word' id='word_1_150' title='bbox 662 1677 741 1735; x_wconf 92' lang='lat' dir='ltr'>illum</span> <span class='ocrx_word' id='word_1_151' title='bbox 754 1679 859 1737; x_wconf 74' lang='lat' dir='ltr'>Arida</span> <span class='ocrx_word' id='word_1_152' title='bbox 873 1680 968 1747; x_wconf 85' lang='lat' dir='ltr'>luisse,</span> <span class='ocrx_word' id='word_1_153' title='bbox 982 1682 1072 1758; x_wconf 79' lang='lat' dir='ltr'>smpi-</span> 
     </span>
     <span class='ocr_line' id='line_1_19' title="bbox 128 1756 1073 1823; baseline 0.002 -9"><span class='ocrx_word' id='word_1_154' title='bbox 128 1758 181 1814; x_wconf 85' lang='lat' dir='ltr'>cari</span> <span class='ocrx_word' id='word_1_155' title='bbox 203 1766 303 1816; x_wconf 87' lang='lat' dir='ltr'>tamen</span> <span class='ocrx_word' id='word_1_156' title='bbox 326 1756 432 1823; x_wconf 88' lang='lat' dir='ltr'>debuit,</span> <span class='ocrx_word' id='word_1_157' title='bbox 457 1774 532 1822; x_wconf 91' lang='lat' dir='ltr'>eum,</span> <span class='ocrx_word' id='word_1_158' title='bbox 556 1756 663 1813; x_wconf 87' lang='lat' dir='ltr'>etiamsi</span> <span class='ocrx_word' id='word_1_159' title='bbox 688 1757 810 1816; x_wconf 83' lang='lat' dir='ltr'>Romam</span> <span class='ocrx_word' id='word_1_160' title='bbox 832 1757 880 1817; x_wconf 90' lang='lat' dir='ltr'>illo</span> <span class='ocrx_word' id='word_1_161' title='bbox 903 1758 949 1816; x_wconf 93' lang='lat' dir='ltr'>die</span> <span class='ocrx_word' id='word_1_162' title='bbox 972 1759 1073 1817; x_wconf 79' lang='lat' dir='ltr'>reverti</span> 
     </span>
     <span class='ocr_line' id='line_1_20' title="bbox 127 1834 1072 1914; baseline 0.003 -23"><span class='ocrx_word' id='word_1_163' title='bbox 127 1835 218 1904; x_wconf 83' lang='lat' dir='ltr'>vellet,</span> <span class='ocrx_word' id='word_1_164' title='bbox 243 1837 282 1894; x_wconf 84' lang='lat' dir='ltr'>ed</span> <span class='ocrx_word' id='word_1_165' title='bbox 304 1835 398 1893; x_wconf 87' lang='lat' dir='ltr'>villam</span> <span class='ocrx_word' id='word_1_166' title='bbox 416 1853 507 1901; x_wconf 90' lang='lat' dir='ltr'>suam,</span> <span class='ocrx_word' id='word_1_167' title='bbox 531 1852 596 1911; x_wconf 73' lang='lat' dir='ltr'>quae</span> <span class='ocrx_word' id='word_1_168' title='bbox 619 1834 692 1892; x_wconf 86' lang='lat' dir='ltr'>riam</span> <span class='ocrx_word' id='word_1_169' title='bbox 717 1844 855 1914; x_wconf 76' lang='lat' dir='ltr'>tangeret,</span> <span class='ocrx_word' id='word_1_170' title='bbox 879 1835 1072 1894; x_wconf 73' lang='lat' dir='ltr'>decessurum.</span> 
     </span>
     <span class='ocr_line' id='line_1_21' title="bbox 129 1912 1124 1991; baseline 0.005 -21"><span class='ocrx_word' id='word_1_171' title='bbox 129 1913 185 1971; x_wconf 81' lang='lat' dir='ltr'>Cur</span> <span class='ocrx_word' id='word_1_172' title='bbox 198 1933 294 1991; x_wconf 90' lang='lat' dir='ltr'>neque</span> <span class='ocrx_word' id='word_1_173' title='bbox 307 1921 372 1971; x_wconf 86' lang='lat' dir='ltr'>ante</span> <span class='ocrx_word' id='word_1_174' title='bbox 385 1913 515 1979; x_wconf 84' lang='lat' dir='ltr'>occurrit,</span> <span class='ocrx_word' id='word_1_175' title='bbox 534 1930 570 1970; x_wconf 89' lang='lat' dir='ltr'>ne</span> <span class='ocrx_word' id='word_1_176' title='bbox 582 1912 629 1970; x_wconf 90' lang='lat' dir='ltr'>ille</span> <span class='ocrx_word' id='word_1_177' title='bbox 648 1912 676 1970; x_wconf 91' lang='lat' dir='ltr'>in</span> <span class='ocrx_word' id='word_1_178' title='bbox 692 1914 756 1972; x_wconf 86' lang='lat' dir='ltr'>villa</span> <span class='ocrx_word' id='word_1_179' title='bbox 769 1912 912 1982; x_wconf 84' lang='lat' dir='ltr'>resideret,</span> <span class='ocrx_word' id='word_1_180' title='bbox 932 1932 985 1973; x_wconf 86' lang='lat' dir='ltr'>nec</span> <span class='ocrx_word' id='word_1_181' title='bbox 998 1933 1032 1973; x_wconf 88' lang='lat' dir='ltr'>co</span> <span class='ocrx_word' id='word_1_182' title='bbox 1045 1915 1073 1973; x_wconf 86' lang='lat' dir='ltr'>in</span> <span class='ocrx_word' id='word_1_183' title='bbox 1086 1922 1124 1976; x_wconf 81' lang='lat'>20</span> 
     </span>
    </p>
   </div>
   <div class='ocr_carea' id='block_1_3' title="bbox 26 1990 829 2075">
    <p class='ocr_par' dir='ltr' id='par_1_3' title="bbox 26 1990 829 2075">
     <span class='ocr_line' id='line_1_22' title="bbox 26 1990 829 2075; baseline 0 -25"><span class='ocrx_word' id='word_1_184' title='bbox 26 2070 27 2075; x_wconf 7' lang='grc' dir='ltr'>ἵ</span> <span class='ocrx_word' id='word_1_185' title='bbox 127 1990 187 2050; x_wconf 85' lang='lat' dir='ltr'>loco</span> <span class='ocrx_word' id='word_1_186' title='bbox 201 1992 341 2058; x_wconf 86' lang='lat' dir='ltr'>subsedit,</span> <span class='ocrx_word' id='word_1_187' title='bbox 355 2011 411 2069; x_wconf 88' lang='lat' dir='ltr'>qno</span> <span class='ocrx_word' id='word_1_188' title='bbox 425 1991 471 2049; x_wconf 89' lang='lat' dir='ltr'>ille</span> <span class='ocrx_word' id='word_1_189' title='bbox 485 1999 571 2049; x_wconf 89' lang='lat' dir='ltr'>noctu</span> <span class='ocrx_word' id='word_1_190' title='bbox 583 2000 719 2050; x_wconf 84' lang='lat' dir='ltr'>venturus</span> <span class='ocrx_word' id='word_1_191' title='bbox 732 1994 829 2051; x_wconf 77' lang='lat' dir='ltr'>esset?</span> 
     </span>
    </p>
   </div>
   <div class='ocr_carea' id='block_1_4' title="bbox 127 2069 1127 3933">
    <p class='ocr_par' dir='ltr' id='par_1_4' title="bbox 127 2069 1124 3155">
     <span class='ocr_line' id='line_1_23' title="bbox 165 2069 1073 2146; baseline 0.004 -19"><span class='ocrx_word' id='word_1_192' title='bbox 165 2071 261 2129; x_wconf 92' lang='lat' dir='ltr'>Video</span> <span class='ocrx_word' id='word_1_193' title='bbox 275 2078 404 2128; x_wconf 87' lang='lat' dir='ltr'>constare</span> <span class='ocrx_word' id='word_1_194' title='bbox 417 2069 521 2135; x_wconf 88' lang='lat' dir='ltr'>adhuc,</span> <span class='ocrx_word' id='word_1_195' title='bbox 544 2069 663 2146; x_wconf 88' lang='lat' dir='ltr'>judices,</span> <span class='ocrx_word' id='word_1_196' title='bbox 677 2071 785 2128; x_wconf 85' lang='lat' dir='ltr'>omnia:</span> <span class='ocrx_word' id='word_1_197' title='bbox 802 2070 899 2130; x_wconf 84' lang='lat' dir='ltr'>Miloni</span> <span class='ocrx_word' id='word_1_198' title='bbox 907 2073 991 2131; x_wconf 87' lang='lat' dir='ltr'>etiam</span> <span class='ocrx_word' id='word_1_199' title='bbox 1004 2073 1073 2131; x_wconf 84' lang='lat' dir='ltr'>utile</span> 
     </span>
     <span class='ocr_line' id='line_1_24' title="bbox 128 2147 1072 2230; baseline 0.003 -23"><span class='ocrx_word' id='word_1_200' title='bbox 128 2148 213 2207; x_wconf 77' lang='lat' dir='ltr'>fiisse</span> <span class='ocrx_word' id='word_1_201' title='bbox 236 2149 367 2207; x_wconf 84' lang='lat' dir='ltr'>Clodium</span> <span class='ocrx_word' id='word_1_202' title='bbox 381 2150 483 2214; x_wconf 87' lang='lat' dir='ltr'>vivere,</span> <span class='ocrx_word' id='word_1_203' title='bbox 498 2147 537 2205; x_wconf 90' lang='lat' dir='ltr'>illi</span> <span class='ocrx_word' id='word_1_204' title='bbox 550 2148 587 2205; x_wconf 87' lang='lat' dir='ltr'>ad</span> <span class='ocrx_word' id='word_1_205' title='bbox 601 2168 635 2206; x_wconf 89' lang='lat' dir='ltr'>ea</span> <span class='ocrx_word' id='word_1_206' title='bbox 647 2168 713 2226; x_wconf 84' lang='lat' dir='ltr'>quae</span> <span class='ocrx_word' id='word_1_207' title='bbox 727 2151 914 2228; x_wconf 78' lang='lat' dir='ltr'>concupierat,</span> <span class='ocrx_word' id='word_1_208' title='bbox 932 2153 1072 2230; x_wconf 85' lang='lat' dir='ltr'>optatissi-</span> 
     </span>
     <span class='ocr_line' id='line_1_25' title="bbox 127 2226 1072 2293; baseline 0.004 -10"><span class='ocrx_word' id='word_1_209' title='bbox 127 2245 204 2285; x_wconf 90' lang='lat' dir='ltr'>mum</span> <span class='ocrx_word' id='word_1_210' title='bbox 226 2228 371 2286; x_wconf 87' lang='lat' dir='ltr'>interitum</span> <span class='ocrx_word' id='word_1_211' title='bbox 389 2226 517 2293; x_wconf 88' lang='lat' dir='ltr'>Milonis;</span> <span class='ocrx_word' id='word_1_212' title='bbox 538 2226 634 2287; x_wconf 89' lang='lat' dir='ltr'>odium</span> <span class='ocrx_word' id='word_1_213' title='bbox 657 2227 743 2286; x_wconf 86' lang='lat' dir='ltr'>luisse</span> <span class='ocrx_word' id='word_1_214' title='bbox 763 2227 837 2287; x_wconf 91' lang='lat' dir='ltr'>illius</span> <span class='ocrx_word' id='word_1_215' title='bbox 859 2230 888 2288; x_wconf 93' lang='lat' dir='ltr'>in</span> <span class='ocrx_word' id='word_1_216' title='bbox 908 2232 982 2289; x_wconf 89' lang='lat' dir='ltr'>hunc</span> <span class='ocrx_word' id='word_1_217' title='bbox 996 2250 1072 2289; x_wconf 83' lang='lat' dir='ltr'>acer·</span> 
     </span>
     <span class='ocr_line' id='line_1_26' title="bbox 128 2304 1123 2382; baseline 0.008 -19"><span class='ocrx_word' id='word_1_218' title='bbox 128 2304 284 2373; x_wconf 88' lang='lat' dir='ltr'>bissimum,</span> <span class='ocrx_word' id='word_1_219' title='bbox 311 2306 419 2364; x_wconf 90' lang='lat' dir='ltr'>nullum</span> <span class='ocrx_word' id='word_1_220' title='bbox 446 2305 533 2382; x_wconf 88' lang='lat' dir='ltr'>hujus</span> <span class='ocrx_word' id='word_1_221' title='bbox 558 2304 588 2363; x_wconf 92' lang='lat' dir='ltr'>in</span> <span class='ocrx_word' id='word_1_222' title='bbox 613 2306 709 2373; x_wconf 74' lang='lat' dir='ltr'>illum:</span> <span class='ocrx_word' id='word_1_223' title='bbox 743 2309 973 2368; x_wconf 86' lang='lat' dir='ltr'>consuetudinem</span> <span class='ocrx_word' id='word_1_224' title='bbox 1000 2309 1074 2366; x_wconf 88' lang='lat' dir='ltr'>illius</span> <span class='ocrx_word' id='word_1_225' title='bbox 1087 2316 1123 2371; x_wconf 79' lang='lat' dir='ltr'>tc</span> 
     </span>
     <span class='ocr_line' id='line_1_27' title="bbox 127 2383 1072 2464; baseline 0.005 -23"><span class='ocrx_word' id='word_1_226' title='bbox 127 2396 299 2463; x_wconf 87' lang='lat' dir='ltr'>perpetuam</span> <span class='ocrx_word' id='word_1_227' title='bbox 312 2385 340 2442; x_wconf 91' lang='lat' dir='ltr'>in</span> <span class='ocrx_word' id='word_1_228' title='bbox 353 2385 380 2442; x_wconf 84' lang='lat' dir='ltr'>vi</span> <span class='ocrx_word' id='word_1_229' title='bbox 392 2383 544 2450; x_wconf 81' lang='lat' dir='ltr'>inferenda,</span> <span class='ocrx_word' id='word_1_230' title='bbox 559 2384 645 2460; x_wconf 89' lang='lat' dir='ltr'>hujus</span> <span class='ocrx_word' id='word_1_231' title='bbox 658 2391 770 2443; x_wconf 85' lang='lat' dir='ltr'>tantum</span> <span class='ocrx_word' id='word_1_232' title='bbox 784 2385 812 2443; x_wconf 90' lang='lat' dir='ltr'>in</span> <span class='ocrx_word' id='word_1_233' title='bbox 825 2388 1002 2464; x_wconf 80' lang='lat' dir='ltr'>repellenda3</span> <span class='ocrx_word' id='word_1_234' title='bbox 1024 2394 1072 2446; x_wconf 77' lang='lat'>52.</span> 
     </span>
     <span class='ocr_line' id='line_1_28' title="bbox 127 2462 1072 2543; baseline 0.003 -24"><span class='ocrx_word' id='word_1_235' title='bbox 127 2474 249 2522; x_wconf 82' lang='lat' dir='ltr'>mortem</span> <span class='ocrx_word' id='word_1_236' title='bbox 272 2464 310 2521; x_wconf 84' lang='lat' dir='ltr'>ab</span> <span class='ocrx_word' id='word_1_237' title='bbox 333 2463 380 2521; x_wconf 90' lang='lat' dir='ltr'>illo</span> <span class='ocrx_word' id='word_1_238' title='bbox 404 2463 598 2520; x_wconf 86' lang='lat' dir='ltr'>denuntiatum</span> <span class='ocrx_word' id='word_1_239' title='bbox 620 2462 716 2521; x_wconf 83' lang='lat' dir='ltr'>Miloni</span> <span class='ocrx_word' id='word_1_240' title='bbox 735 2471 765 2521; x_wconf 90' lang='lat' dir='ltr'>et</span> <span class='ocrx_word' id='word_1_241' title='bbox 785 2466 949 2541; x_wconf 73' lang='lat' dir='ltr'>predictam</span> <span class='ocrx_word' id='word_1_242' title='bbox 970 2466 1072 2543; x_wconf 86' lang='lat' dir='ltr'>palam,</span> 
     </span>
     <span class='ocr_line' id='line_1_29' title="bbox 127 2540 1072 2622; baseline 0.003 -23"><span class='ocrx_word' id='word_1_243' title='bbox 127 2542 194 2599; x_wconf 89' lang='lat' dir='ltr'>nihil</span> <span class='ocrx_word' id='word_1_244' title='bbox 209 2560 337 2618; x_wconf 85' lang='lat' dir='ltr'>unquam</span> <span class='ocrx_word' id='word_1_245' title='bbox 357 2541 484 2601; x_wconf 89' lang='lat' dir='ltr'>auditum</span> <span class='ocrx_word' id='word_1_246' title='bbox 504 2559 539 2598; x_wconf 84' lang='lat' dir='ltr'>ex</span> <span class='ocrx_word' id='word_1_247' title='bbox 553 2540 673 2608; x_wconf 89' lang='lat' dir='ltr'>Milone;</span> <span class='ocrx_word' id='word_1_248' title='bbox 695 2542 874 2618; x_wconf 88' lang='lat' dir='ltr'>profectionis</span> <span class='ocrx_word' id='word_1_249' title='bbox 897 2545 983 2622; x_wconf 90' lang='lat' dir='ltr'>hujus</span> <span class='ocrx_word' id='word_1_250' title='bbox 997 2545 1072 2603; x_wconf 91' lang='lat' dir='ltr'>diem</span> 
     </span>
     <span class='ocr_line' id='line_1_30' title="bbox 127 2619 1073 2700; baseline 0.003 -22"><span class='ocrx_word' id='word_1_251' title='bbox 127 2620 166 2678; x_wconf 88' lang='lat' dir='ltr'>illi</span> <span class='ocrx_word' id='word_1_252' title='bbox 188 2628 298 2687; x_wconf 87' lang='lat' dir='ltr'>notum,</span> <span class='ocrx_word' id='word_1_253' title='bbox 324 2620 430 2677; x_wconf 86' lang='lat' dir='ltr'>reditus</span> <span class='ocrx_word' id='word_1_254' title='bbox 451 2619 524 2677; x_wconf 89' lang='lat' dir='ltr'>illius</span> <span class='ocrx_word' id='word_1_255' title='bbox 545 2620 610 2678; x_wconf 90' lang='lat' dir='ltr'>huie</span> <span class='ocrx_word' id='word_1_256' title='bbox 633 2619 762 2698; x_wconf 71' lang='lat' dir='ltr'>ignmum</span> <span class='ocrx_word' id='word_1_257' title='bbox 785 2622 890 2689; x_wconf 59' lang='lat' dir='ltr'>tussa</span> <span class='ocrx_word' id='word_1_258' title='bbox 919 2624 1004 2700; x_wconf 86' lang='lat' dir='ltr'>hujus</span> <span class='ocrx_word' id='word_1_259' title='bbox 1020 2624 1073 2682; x_wconf 88' lang='lat' dir='ltr'>iter</span> 
     </span>
     <span class='ocr_line' id='line_1_31' title="bbox 128 2698 1124 2777; baseline 0.008 -23"><span class='ocrx_word' id='word_1_260' title='bbox 128 2699 326 2765; x_wconf 88' lang='lat' dir='ltr'>necessarium,</span> <span class='ocrx_word' id='word_1_261' title='bbox 340 2698 412 2755; x_wconf 91' lang='lat' dir='ltr'>illius</span> <span class='ocrx_word' id='word_1_262' title='bbox 426 2698 511 2757; x_wconf 87' lang='lat' dir='ltr'>etiam</span> <span class='ocrx_word' id='word_1_263' title='bbox 530 2698 624 2775; x_wconf 91' lang='lat' dir='ltr'>potins</span> <span class='ocrx_word' id='word_1_264' title='bbox 640 2699 762 2757; x_wconf 88' lang='lat' dir='ltr'>alienum</span> <span class='ocrx_word' id='word_1_265' title='bbox 771 2718 779 2767; x_wconf 88' lang='lat'>;</span> <span class='ocrx_word' id='word_1_266' title='bbox 808 2701 882 2758; x_wconf 88' lang='lat' dir='ltr'>hunc</span> <span class='ocrx_word' id='word_1_267' title='bbox 904 2720 964 2777; x_wconf 82' lang='lat' dir='ltr'>prae</span> <span class='ocrx_word' id='word_1_268' title='bbox 977 2721 1007 2760; x_wconf 92' lang='lat' dir='ltr'>se</span> <span class='ocrx_word' id='word_1_269' title='bbox 1027 2711 1071 2759; x_wconf 90' lang='lat' dir='ltr'>tu·</span> <span class='ocrx_word' id='word_1_270' title='bbox 1086 2711 1124 2763; x_wconf 80' lang='lat'>80</span> 
     </span>
     <span class='ocr_line' id='line_1_32' title="bbox 128 2777 1073 2845; baseline 0.001 -9"><span class='ocrx_word' id='word_1_271' title='bbox 128 2778 201 2844; x_wconf 85' lang='lat' dir='ltr'>iisse,</span> <span class='ocrx_word' id='word_1_272' title='bbox 216 2778 306 2835; x_wconf 85' lang='lat' dir='ltr'>illese</span> <span class='ocrx_word' id='word_1_273' title='bbox 320 2777 367 2835; x_wconf 90' lang='lat' dir='ltr'>die</span> <span class='ocrx_word' id='word_1_274' title='bbox 380 2777 472 2835; x_wconf 87' lang='lat' dir='ltr'>Roma</span> <span class='ocrx_word' id='word_1_275' title='bbox 485 2777 634 2845; x_wconf 84' lang='lat' dir='ltr'>exiturum,</span> <span class='ocrx_word' id='word_1_276' title='bbox 645 2777 724 2835; x_wconf 86' lang='lat' dir='ltr'>illum</span> <span class='ocrx_word' id='word_1_277' title='bbox 735 2796 769 2834; x_wconf 90' lang='lat' dir='ltr'>eo</span> <span class='ocrx_word' id='word_1_278' title='bbox 782 2778 829 2837; x_wconf 88' lang='lat' dir='ltr'>die</span> <span class='ocrx_word' id='word_1_279' title='bbox 839 2797 869 2835; x_wconf 92' lang='lat' dir='ltr'>se</span> <span class='ocrx_word' id='word_1_280' title='bbox 883 2779 1073 2837; x_wconf 83' lang='lat' dir='ltr'>dissimulasse</span> 
     </span>
     <span class='ocr_line' id='line_1_33' title="bbox 128 2854 1072 2923; baseline 0.003 -10"><span class='ocrx_word' id='word_1_281' title='bbox 128 2858 305 2923; x_wconf 71' lang='lat' dir='ltr'>rediturum</span> <span class='ocrx_word' id='word_1_282' title='bbox 327 2856 402 2913; x_wconf 90' lang='lat' dir='ltr'>buno</span> <span class='ocrx_word' id='word_1_283' title='bbox 421 2854 525 2913; x_wconf 87' lang='lat' dir='ltr'>nullius</span> <span class='ocrx_word' id='word_1_284' title='bbox 544 2855 584 2914; x_wconf 92' lang='lat' dir='ltr'>rei</span> <span class='ocrx_word' id='word_1_285' title='bbox 602 2863 729 2914; x_wconf 84' lang='lat' dir='ltr'>mutasse</span> <span class='ocrx_word' id='word_1_286' title='bbox 745 2856 900 2923; x_wconf 86' lang='lat' dir='ltr'>consilium,</span> <span class='ocrx_word' id='word_1_287' title='bbox 914 2857 994 2916; x_wconf 81' lang='lat' dir='ltr'>sslum</span> <span class='ocrx_word' id='word_1_288' title='bbox 1007 2875 1072 2916; x_wconf 87' lang='lat' dir='ltr'>cau·</span> 
     </span>
     <span class='ocr_line' id='line_1_34' title="bbox 128 2933 1074 3002; baseline 0.002 -11"><span class='ocrx_word' id='word_1_289' title='bbox 128 2953 189 2991; x_wconf 87' lang='lat' dir='ltr'>sam</span> <span class='ocrx_word' id='word_1_290' title='bbox 208 2934 341 2993; x_wconf 86' lang='lat' dir='ltr'>mutandi</span> <span class='ocrx_word' id='word_1_291' title='bbox 357 2933 462 2992; x_wconf 92' lang='lat' dir='ltr'>consilii</span> <span class='ocrx_word' id='word_1_292' title='bbox 482 2934 610 3000; x_wconf 81' lang='lat' dir='ltr'>finxisse;</span> <span class='ocrx_word' id='word_1_293' title='bbox 630 2934 706 3001; x_wconf 76' lang='lat' dir='ltr'>linio,</span> <span class='ocrx_word' id='word_1_294' title='bbox 721 2934 744 2992; x_wconf 91' lang='lat' dir='ltr'>si</span> <span class='ocrx_word' id='word_1_295' title='bbox 764 2934 947 3002; x_wconf 85' lang='lat' dir='ltr'>insidiaretur,</span> <span class='ocrx_word' id='word_1_296' title='bbox 961 2945 1074 2993; x_wconf 80' lang='lat' dir='ltr'>noctem</span> 
     </span>
     <span class='ocr_line' id='line_1_35' title="bbox 128 3012 1072 3090; baseline 0.001 -21"><span class='ocrx_word' id='word_1_297' title='bbox 128 3032 219 3090; x_wconf 90' lang='lat' dir='ltr'>prope</span> <span class='ocrx_word' id='word_1_298' title='bbox 232 3014 334 3071; x_wconf 89' lang='lat' dir='ltr'>urbem</span> <span class='ocrx_word' id='word_1_299' title='bbox 348 3013 576 3089; x_wconf 85' lang='lat' dir='ltr'>exspectandam,</span> <span class='ocrx_word' id='word_1_300' title='bbox 590 3012 638 3079; x_wconf 92' lang='lat' dir='ltr'>illi,</span> <span class='ocrx_word' id='word_1_301' title='bbox 653 3013 762 3070; x_wconf 89' lang='lat' dir='ltr'>etiamsi</span> <span class='ocrx_word' id='word_1_302' title='bbox 781 3013 856 3071; x_wconf 89' lang='lat' dir='ltr'>hunc</span> <span class='ocrx_word' id='word_1_303' title='bbox 876 3033 932 3072; x_wconf 91' lang='lat' dir='ltr'>non</span> <span class='ocrx_word' id='word_1_304' title='bbox 953 3013 1072 3081; x_wconf 88' lang='lat' dir='ltr'>timeret,</span> 
     </span>
     <span class='ocr_line' id='line_1_36' title="bbox 128 3091 1124 3155; baseline 0.003 -6"><span class='ocrx_word' id='word_1_305' title='bbox 128 3099 225 3150; x_wconf 87' lang='lat' dir='ltr'>tamen</span> <span class='ocrx_word' id='word_1_306' title='bbox 237 3110 385 3149; x_wconf 81' lang='lat' dir='ltr'>accessum</span> <span class='ocrx_word' id='word_1_307' title='bbox 399 3091 436 3148; x_wconf 84' lang='lat' dir='ltr'>ad</span> <span class='ocrx_word' id='word_1_308' title='bbox 450 3092 549 3148; x_wconf 88' lang='lat' dir='ltr'>urbem</span> <span class='ocrx_word' id='word_1_309' title='bbox 562 3098 731 3148; x_wconf 88' lang='lat' dir='ltr'>nocturnum</span> <span class='ocrx_word' id='word_1_310' title='bbox 743 3091 829 3149; x_wconf 84' lang='lat' dir='ltr'>luisse</span> <span class='ocrx_word' id='word_1_311' title='bbox 841 3092 1033 3149; x_wconf 88' lang='lat' dir='ltr'>metuendum.</span> <span class='ocrx_word' id='word_1_312' title='bbox 1087 3100 1124 3155; x_wconf 74' lang='lat'>3⁶</span> 
     </span>
    </p>

    <p class='ocr_par' dir='ltr' id='par_1_5' title="bbox 127 3168 1127 3876">
     <span class='ocr_line' id='line_1_37' title="bbox 167 3168 1075 3247; baseline -0.001 -20"><span class='ocrx_word' id='word_1_313' title='bbox 167 3171 231 3228; x_wconf 88' lang='lat' dir='ltr'>XX.</span> <span class='ocrx_word' id='word_1_314' title='bbox 275 3177 322 3228; x_wconf 84' lang='lat'>53.</span> <span class='ocrx_word' id='word_1_315' title='bbox 344 3169 498 3228; x_wconf 85' lang='lat' dir='ltr'>Videamus</span> <span class='ocrx_word' id='word_1_316' title='bbox 512 3188 586 3227; x_wconf 90' lang='lat' dir='ltr'>nunc</span> <span class='ocrx_word' id='word_1_317' title='bbox 609 3168 648 3234; x_wconf 91' lang='lat' dir='ltr'>id,</span> <span class='ocrx_word' id='word_1_318' title='bbox 662 3170 739 3246; x_wconf 89' lang='lat' dir='ltr'>quod</span> <span class='ocrx_word' id='word_1_319' title='bbox 762 3179 850 3247; x_wconf 90' lang='lat' dir='ltr'>caput</span> <span class='ocrx_word' id='word_1_320' title='bbox 869 3178 922 3236; x_wconf 90' lang='lat' dir='ltr'>est,</span> <span class='ocrx_word' id='word_1_321' title='bbox 937 3170 1017 3228; x_wconf 91' lang='lat' dir='ltr'>locus</span> <span class='ocrx_word' id='word_1_322' title='bbox 1036 3169 1075 3227; x_wconf 87' lang='lat' dir='ltr'>ad</span> 
     </span>
     <span class='ocr_line' id='line_1_38' title="bbox 128 3247 1074 3325; baseline -0.002 -19"><span class='ocrx_word' id='word_1_323' title='bbox 128 3247 242 3306; x_wconf 88' lang='lat' dir='ltr'>insidias</span> <span class='ocrx_word' id='word_1_324' title='bbox 269 3248 317 3306; x_wconf 90' lang='lat' dir='ltr'>ille</span> <span class='ocrx_word' id='word_1_325' title='bbox 337 3248 407 3324; x_wconf 90' lang='lat' dir='ltr'>ipse,</span> <span class='ocrx_word' id='word_1_326' title='bbox 428 3247 477 3305; x_wconf 91' lang='lat' dir='ltr'>ubi</span> <span class='ocrx_word' id='word_1_327' title='bbox 504 3247 646 3325; x_wconf 81' lang='lat' dir='ltr'>congressi</span> <span class='ocrx_word' id='word_1_328' title='bbox 668 3256 743 3315; x_wconf 85' lang='lat' dir='ltr'>sunt,</span> <span class='ocrx_word' id='word_1_329' title='bbox 767 3249 824 3306; x_wconf 88' lang='lat' dir='ltr'>utri</span> <span class='ocrx_word' id='word_1_330' title='bbox 850 3248 965 3306; x_wconf 87' lang='lat' dir='ltr'>tandem</span> <span class='ocrx_word' id='word_1_331' title='bbox 990 3247 1074 3305; x_wconf 85' lang='lat' dir='ltr'>fuerit</span> 
     </span>
     <span class='ocr_line' id='line_1_39' title="bbox 127 3325 1075 3403; baseline 0 -20"><span class='ocrx_word' id='word_1_332' title='bbox 127 3328 229 3403; x_wconf 89' lang='lat' dir='ltr'>aptior.</span> <span class='ocrx_word' id='word_1_333' title='bbox 284 3326 321 3384; x_wconf 93' lang='lat' dir='ltr'>Id</span> <span class='ocrx_word' id='word_1_334' title='bbox 346 3345 421 3392; x_wconf 80' lang='lat' dir='ltr'>vero,</span> <span class='ocrx_word' id='word_1_335' title='bbox 447 3325 565 3402; x_wconf 87' lang='lat' dir='ltr'>judices,</span> <span class='ocrx_word' id='word_1_336' title='bbox 594 3325 679 3385; x_wconf 86' lang='lat' dir='ltr'>etiam</span> <span class='ocrx_word' id='word_1_337' title='bbox 706 3326 895 3385; x_wconf 89' lang='lat' dir='ltr'>dubitandum</span> <span class='ocrx_word' id='word_1_338' title='bbox 917 3333 947 3383; x_wconf 88' lang='lat' dir='ltr'>et</span> <span class='ocrx_word' id='word_1_339' title='bbox 969 3325 1075 3383; x_wconf 90' lang='lat' dir='ltr'>diutius</span> 
     </span>
     <span class='ocr_line' id='line_1_40' title="bbox 129 3404 1076 3483; baseline -0.002 -22"><span class='ocrx_word' id='word_1_340' title='bbox 129 3406 313 3483; x_wconf 83' lang='lat' dir='ltr'>cogitandum</span> <span class='ocrx_word' id='word_1_341' title='bbox 324 3405 390 3463; x_wconf 80' lang='lat' dir='ltr'>est?</span> <span class='ocrx_word' id='word_1_342' title='bbox 411 3404 489 3462; x_wconf 87' lang='lat' dir='ltr'>Ante</span> <span class='ocrx_word' id='word_1_343' title='bbox 502 3404 623 3463; x_wconf 82' lang='lat' dir='ltr'>fundum</span> <span class='ocrx_word' id='word_1_344' title='bbox 637 3404 737 3471; x_wconf 78' lang='lat' dir='ltr'>Clodii,</span> <span class='ocrx_word' id='word_1_345' title='bbox 752 3405 846 3481; x_wconf 93' lang='lat' dir='ltr'>quoin</span> <span class='ocrx_word' id='word_1_346' title='bbox 856 3404 945 3462; x_wconf 80' lang='lat' dir='ltr'>fundo</span> <span class='ocrx_word' id='word_1_347' title='bbox 958 3412 1076 3482; x_wconf 89' lang='lat' dir='ltr'>propter</span> 
     </span>
     <span class='ocr_line' id='line_1_41' title="bbox 128 3482 1127 3543; baseline 0.002 -2"><span class='ocrx_word' id='word_1_348' title='bbox 128 3482 238 3541; x_wconf 83' lang='lat' dir='ltr'>insanas</span> <span class='ocrx_word' id='word_1_349' title='bbox 252 3484 316 3542; x_wconf 87' lang='lat' dir='ltr'>illas</span> <span class='ocrx_word' id='word_1_350' title='bbox 329 3482 550 3541; x_wconf 85' lang='lat' dir='ltr'>substructiones</span> <span class='ocrx_word' id='word_1_351' title='bbox 558 3482 640 3541; x_wconf 81' lang='lat' dir='ltr'>facile</span> <span class='ocrx_word' id='word_1_352' title='bbox 652 3483 798 3540; x_wconf 89' lang='lat' dir='ltr'>hominum</span> <span class='ocrx_word' id='word_1_353' title='bbox 807 3483 883 3540; x_wconf 89' lang='lat' dir='ltr'>mille</span> <span class='ocrx_word' id='word_1_354' title='bbox 892 3483 1076 3541; x_wconf 88' lang='lat' dir='ltr'>versabantur</span> <span class='ocrx_word' id='word_1_355' title='bbox 1088 3489 1127 3543; x_wconf 78' lang='lat'>40</span> 
     </span>
     <span class='ocr_line' id='line_1_42' title="bbox 130 3560 1076 3638; baseline 0 -19"><span class='ocrx_word' id='word_1_356' title='bbox 130 3563 291 3630; x_wconf 81' lang='lat' dir='ltr'>valentium,</span> <span class='ocrx_word' id='word_1_357' title='bbox 312 3561 391 3620; x_wconf 87' lang='lat' dir='ltr'>edito</span> <span class='ocrx_word' id='word_1_358' title='bbox 411 3560 560 3619; x_wconf 85' lang='lat' dir='ltr'>adversarii</span> <span class='ocrx_word' id='word_1_359' title='bbox 583 3568 668 3636; x_wconf 86' lang='lat' dir='ltr'>atque</span> <span class='ocrx_word' id='word_1_360' title='bbox 689 3562 799 3619; x_wconf 83' lang='lat' dir='ltr'>excelso</span> <span class='ocrx_word' id='word_1_361' title='bbox 820 3562 884 3619; x_wconf 92' lang='lat' dir='ltr'>loco</span> <span class='ocrx_word' id='word_1_362' title='bbox 904 3561 1076 3638; x_wconf 87' lang='lat' dir='ltr'>superiorem</span> 
     </span>
     <span class='ocr_line' id='line_1_43' title="bbox 129 3638 1076 3720; baseline -0.003 -22"><span class='ocrx_word' id='word_1_363' title='bbox 129 3658 160 3698; x_wconf 89' lang='lat' dir='ltr'>se</span> <span class='ocrx_word' id='word_1_364' title='bbox 174 3643 234 3700; x_wconf 84' lang='lat' dir='ltr'>lore</span> <span class='ocrx_word' id='word_1_365' title='bbox 248 3648 368 3720; x_wconf 86' lang='lat' dir='ltr'>putarat</span> <span class='ocrx_word' id='word_1_366' title='bbox 382 3638 450 3696; x_wconf 91' lang='lat' dir='ltr'>Milo</span> <span class='ocrx_word' id='word_1_367' title='bbox 464 3647 493 3698; x_wconf 88' lang='lat' dir='ltr'>et</span> <span class='ocrx_word' id='word_1_368' title='bbox 506 3640 544 3697; x_wconf 90' lang='lat' dir='ltr'>cb</span> <span class='ocrx_word' id='word_1_369' title='bbox 557 3657 620 3697; x_wconf 86' lang='lat' dir='ltr'>eam</span> <span class='ocrx_word' id='word_1_370' title='bbox 640 3658 701 3699; x_wconf 91' lang='lat' dir='ltr'>rem</span> <span class='ocrx_word' id='word_1_371' title='bbox 714 3657 778 3698; x_wconf 89' lang='lat' dir='ltr'>eum</span> <span class='ocrx_word' id='word_1_372' title='bbox 791 3641 886 3698; x_wconf 90' lang='lat' dir='ltr'>locum</span> <span class='ocrx_word' id='word_1_373' title='bbox 899 3639 937 3697; x_wconf 91' lang='lat' dir='ltr'>ad</span> <span class='ocrx_word' id='word_1_374' title='bbox 951 3657 1076 3716; x_wconf 79' lang='lat' dir='ltr'>pugnam</span> 
     </span>
     <span class='ocr_line' id='line_1_44' title="bbox 130 3716 1078 3876; baseline -0.002 -19"><span class='ocrx_word' id='word_1_375' title='bbox 130 3718 472 3875; x_wconf 51' lang='lat' dir='ltr'>tttilltsstltttt</span> <span class='ocrx_word' id='word_1_376' title='bbox 488 3716 1078 3876; x_wconf 60' lang='lat' dir='ltr'>litttltttt⁰llttttt⁰tt</span> 
     </span>
    </p>

    <p class='ocr_par' dir='ltr' id='par_1_6' title="bbox 212 3839 975 3933">
     <span class='ocr_line' id='line_1_45' title="bbox 212 3839 975 3867; baseline 0.001 -14"><span class='ocrx_word' id='word_1_377' title='bbox 212 3842 222 3867; x_wconf 89' lang='lat'>,</span> <span class='ocrx_word' id='word_1_378' title='bbox 968 3839 975 3854; x_wconf 91' lang='lat'><strong>.</strong></span> 
     </span>
     <span class='ocr_line' id='line_1_46' title="bbox 610 3880 690 3933; baseline -0.05 0"><span class='ocrx_word' id='word_1_379' title='bbox 610 3880 645 3933; x_wconf 90' lang='lat' dir='ltr'>ll</span> <span class='ocrx_word' id='word_1_380' title='bbox 666 3898 690 3929; x_wconf 67' lang='grc' dir='ltr'>,ο</span> 
     </span>
    </p>
   </div>
   <div class='ocr_carea' id='block_1_5' title="bbox 0 0 1383 4384">
    <p class='ocr_par' dir='ltr' id='par_1_7' title="bbox 0 0 1383 4384">
     <span class='ocr_line' id='line_1_47' title="bbox 0 0 1383 4384; baseline 0 0"><span class='ocrx_word' id='word_1_381' title='bbox 0 0 1383 4384; x_wconf 95' lang='lat' dir='ltr'> </span> 
     </span>
    </p>
   </div>
  </div>
 </body>
</html>
