2742 4384
375 243 433 285 rao
447 245 477 286 s.
491 245 604 287 monuo
619 244 740 296 anema,
755 246 822 288 car.
836 246 888 288 xm
1105 234 1161 289 lot

205 379 252 432 28.
272 372 381 450 Atque,
392 381 427 432 nt
439 374 469 432 id
482 374 614 432 libentius
627 373 743 441 lacman,
755 376 816 453 jam
831 375 976 444 merobis,
989 374 1109 453 jndices,

165 452 297 511 indicabo
311 461 341 510 et
364 452 400 509 de
413 472 479 510 meo
498 453 622 530 quodam
642 471 737 511 amore
755 454 853 532 gloriae
875 454 955 511 nimis
975 455 1032 512 acri
1055 454 1109 511 ior·

167 538 249 597 tasse,
276 539 471 588 verumtamen
493 530 612 588 honesto
631 531 711 589 vobis
729 533 890 590 confitebor.
931 533 1016 599 Nam,
1040 552 1111 609 quas

166 628 211 666 res
224 627 276 665 nos
289 609 319 666 in
332 610 480 666 consulatu
493 617 589 666 nostro
602 609 747 667 vobiscum
761 610 843 667 simul
858 630 909 686 pro
919 611 1011 669 salute
1025 611 1111 688 hujus

166 688 244 744 urbis
267 695 353 763 atque
365 687 475 764 imperii
487 693 517 745 et
538 706 591 764 pro
604 688 662 745 rita
681 688 783 745 civium
803 707 910 765 proque
929 689 1056 746 universa
1080 696 1142 749 reb

167 766 282 843 publica
295 765 443 842 gessimus,
464 766 558 843 attigit
572 766 617 823 bic
631 766 756 824 versibus
769 775 855 842 atque
874 767 1029 833 inchoavit;
1049 768 1108 844 qni·

166 845 220 902 bus
234 843 346 910 auditis,
366 844 443 919 qued
456 844 525 900 mihi
539 862 642 922 magna
655 863 700 905 res
714 854 744 902 et
754 844 882 920 jucunda
897 846 956 902 visa
969 856 1021 912 est,
1036 846 1110 903 hunc

167 922 204 978 ad
226 922 427 999 perficiendum
441 922 545 999 adjuvi
586 923 702 979 Nullam
716 924 789 979 enim
804 923 892 980 virtus
905 924 989 980 aliam
1006 943 1109 981 merce·

167 999 233 1056 dem
247 1001 376 1058 laborum
390 1000 633 1077 periculorumque
647 999 789 1058 desiderat
811 1011 915 1078 preter
928 1002 1000 1059 hanc
1019 1001 1111 1059 laudis

168 1086 198 1135 et
216 1079 317 1157 gloriae
330 1098 337 1145 ;
358 1097 414 1155 qua
428 1078 543 1154 quidem
556 1079 692 1145 detracta,
705 1079 823 1155 judices,
838 1079 905 1155 quid
927 1088 978 1145 est,
993 1080 1069 1157 quod
1084 1080 1111 1137 in
1126 1085 1163 1138 10

168 1157 223 1214 hoc
246 1165 306 1214 tam
327 1157 430 1235 exigno
442 1157 509 1213 vitae
530 1157 667 1214 curriculo
680 1166 710 1214 et
733 1166 789 1214 tam
811 1158 887 1217 brevi
908 1158 992 1215 tantis
1012 1178 1062 1215 nos
1084 1159 1111 1216 in

167 1235 313 1293 laboribus
326 1236 531 1293 exerceamus?
572 1241 618 1293 29.
641 1236 734 1302 Certe,
748 1237 772 1293 si
786 1236 852 1294 nihil
866 1236 975 1294 animus
989 1256 1110 1327 prasen-

169 1313 234 1370 tiret
253 1314 282 1370 in
302 1322 448 1390 posterum
461 1321 491 1370 et
507 1314 539 1381 si,
553 1313 655 1390 quibus
668 1314 828 1391 regionibus
843 1315 907 1371 ritae
924 1324 1047 1392 spatium
1061 1315 1111 1373 cir·

169 1392 372 1468 cumscriptum
399 1399 452 1460 est,
486 1392 592 1450 eisdem
618 1410 716 1449 omnes
743 1393 924 1471 cogitationes
951 1394 1113 1451 terminaret

169 1488 234 1527 sues
247 1489 300 1528 nec
313 1469 399 1528 tantis
412 1488 443 1527 se
456 1470 600 1528 laboribus
614 1470 757 1549 frangeret
775 1490 866 1548 neque
880 1480 922 1530 tot
936 1472 1010 1530 euris
1024 1471 1111 1550 vigili·
1127 1478 1163 1532 lb

169 1548 246 1625 isque
269 1559 423 1627 angeretur
445 1566 497 1606 nec
522 1549 604 1607 toties
617 1548 654 1605 de
676 1550 739 1626 ipsa
759 1550 816 1607 vita
836 1550 987 1609 dimicaret.
1029 1551 1112 1608 Nunc

24 1688 26 1717 Ι
169 1628 270 1686 insidet
292 1627 424 1704 quaedam
443 1626 472 1684 in
492 1628 599 1704 optimo
622 1647 735 1705 quoqne
753 1629 849 1695 virtus,
875 1648 940 1704 quar
963 1636 1059 1686 noctes
1079 1647 1112 1685 ac

24 1720 26 1773 t
170 1706 229 1762 dies
242 1707 366 1763 animum
390 1706 489 1784 gloriae
511 1706 629 1763 stimulis
648 1707 769 1764 concitat
791 1716 877 1784 atque
901 1707 1034 1763 admonet
1057 1725 1114 1763 non

24 1780 26 1815 f
169 1804 234 1842 cum
256 1785 322 1842 vitae
347 1794 476 1861 tempore
497 1784 585 1859 esse†
606 1784 800 1842 dimittendam
822 1783 1115 1843 commemorationem

24 1884 26 1899 ι
168 1864 286 1920 nominis
300 1864 396 1930 nostri,
411 1862 462 1920 sed
477 1863 629 1920 cumomni
643 1864 806 1939 posteritate
821 1863 1034 1939 adaequandum.
1127 1867 1166 1920 20

24 1914 26 1995 i
127 1935 171 1987 fr
207 1943 276 1999 XII.
310 1948 356 2000 30.
378 1943 504 1998 Auvero
519 1951 577 1998 tam
592 1941 670 2019 parvi
680 1942 764 1999 animi
777 1942 923 1999 videamur
935 1960 997 1999 esse
1008 1959 1112 2008 omnes,

169 2021 218 2096 qui
239 2022 269 2078 in
282 2040 314 2079 re
335 2021 447 2098 publica
461 2028 547 2096 atquc
566 2021 594 2077 in
615 2020 657 2077 his
676 2020 743 2077 vitae
766 2020 896 2097 periculis
915 2020 1114 2096 laboribusque

168 2118 323 2165 versamur,
337 2108 378 2166 ut,
398 2117 488 2174 quum
512 2117 600 2175 usqne
622 2098 659 2156 ad
678 2106 835 2156 extremum
859 2099 981 2176 spatium
1005 2098 1114 2156 nulium

168 2178 351 2254 tranquillum
374 2185 461 2254 atque
485 2176 605 2234 otiosum
625 2177 754 2253 spiritum
778 2177 947 2245 duxerimus,
968 2176 1113 2234 nobiscnm

169 2256 251 2314 simul
265 2257 402 2313 moritura
415 2254 510 2313 omnia
523 2255 716 2313 arbitremur?
749 2256 798 2312 An
812 2262 919 2313 statuas
930 2264 958 2313 et
969 2255 1112 2332 imagines,
1128 2261 1165 2315 ab

169 2354 224 2391 non
248 2335 406 2392 animorum
433 2333 590 2400 simulacra,
618 2333 669 2390 sed
696 2351 854 2409 corporum,
882 2334 1006 2391 studiose
1033 2331 1115 2389 multi

170 2414 273 2470 summi
286 2413 413 2471 homines
427 2411 608 2488 reliquerunt,
623 2411 800 2468 consiliorum
813 2411 967 2489 relinquere
981 2429 1014 2469 ac
1029 2410 1113 2467 virto-

171 2498 231 2548 tum
245 2500 405 2549 nostrarum
415 2491 537 2568 effigiem
551 2507 641 2547 nonne
654 2490 745 2546 multo
758 2489 841 2546 malle
852 2489 987 2547 debemus
997 2489 1114 2546 summis

170 2570 288 2648 ingeniis
312 2588 474 2646 expressam
498 2576 528 2625 et
552 2568 691 2645 politam?
742 2568 805 2645 Ego
827 2586 893 2625 vero
919 2567 1020 2634 omnia,
1047 2588 1112 2645 qnae

172 2650 315 2725 gerebam,
333 2649 394 2725 jam
413 2656 476 2704 tum
495 2647 524 2704 in
537 2647 662 2724 gerendo
676 2664 809 2724 spargere
823 2665 869 2702 me
886 2665 920 2703 ac
934 2646 1114 2703 disseminare
1128 2653 1166 2706 80

172 2727 329 2784 arbitrabar
348 2726 377 2782 in
399 2726 475 2784 orbis
498 2732 582 2783 terrac
604 2726 768 2782 memoriam
788 2724 993 2801 sempiternam.
1044 2725 1114 2781 Haec

173 2801 265 2884 [vero]
280 2805 339 2862 sive
359 2823 453 2862 amec
471 2823 556 2862 sensu
577 2811 642 2880 post
665 2811 786 2860 mortem
800 2803 912 2860 afutura
926 2809 970 2860 est
993 2802 1058 2869 sive,
1083 2810 1116 2859 ut

173 2882 369 2960 sapientissimi
389 2883 516 2940 homines
539 2888 718 2958 putaverunt,
743 2881 780 2937 ad
802 2881 923 2958 aliquam
951 2880 1035 2937 animi
1062 2880 1116 2938 mei

173 2970 282 3038 partem
304 2961 461 3038 pertinebit,
481 2979 556 3017 nunc
576 2960 691 3037 quidem
710 2959 973 3037 certe‘cogitatione
992 2959 1115 3036 quadam

174 3058 280 3116 opeque
294 3040 427 3097 delector.
1130 3043 1167 3097 85

213 3125 260 3176 31.
282 3119 376 3186 Quare
390 3122 562 3182 conservate,
574 3115 693 3192 judices,
705 3116 846 3173 hominem
860 3115 969 3192 pudore
979 3133 1021 3183 ec,
1031 3133 1116 3191 quem

174 3196 327 3254 amicorum
347 3195 448 3253 videtis
468 3195 645 3270 comprobari
668 3212 756 3270 quum
777 3194 922 3271 dignitate,
944 3200 1005 3250 tum
1031 3193 1116 3249 etiam

175 3282 326 3342 vetustate,
339 3274 451 3351 ingenio
469 3279 565 3328 autem
584 3280 672 3339 tanto,
688 3278 826 3348 quantum
838 3272 867 3328 id
881 3271 1011 3328 convenit
1024 3270 1116 3328 eristi-

175 3354 251 3419 mari,
272 3353 351 3428 quod
374 3368 549 3409 summorum
570 3351 716 3407 hominum
738 3349 854 3426 ingeniis
877 3349 1035 3426 expetitum
1056 3366 1117 3405 esse

176 3431 307 3497 videatis3
329 3448 415 3488 causa
428 3448 496 3486 vero
510 3428 658 3504 ejusmodi,
673 3446 738 3504 quae
752 3428 885 3485 beneficio
898 3427 977 3503 legis,
997 3425 1116 3483 auctori·
1131 3431 1169 3484 io

176 3513 233 3565 tate
253 3508 403 3585 municipii,
418 3506 578 3564 testimonio
599 3506 717 3572 Luculli,
733 3505 836 3562 tabulis
860 3503 967 3562 Metelli
991 3522 1117 3580 compro·

177 3586 264 3644 betur.
306 3587 379 3656 Quae
394 3603 483 3661 quum
496 3585 536 3641 ita
549 3585 612 3650 sint,
624 3585 747 3660 petimus
761 3601 778 3638 a
792 3584 878 3649 vobis,
891 3581 1010 3658 judices,
1026 3582 1049 3638 si
1063 3600 1119 3656 qua

176 3682 228 3720 non
253 3666 337 3722 modo
360 3665 494 3730 humana,
509 3681 606 3720 verum
630 3662 715 3719 etiam
734 3661 827 3717 divina
847 3661 876 3717 in
899 3659 984 3716 tantis
1004 3659 1119 3736 ingeniis

178 3742 381 3800 commendatio
395 3741 481 3798 debet
494 3760 565 3808 esse,
580 3747 613 3799 ut
625 3759 700 3805 eum,
715 3739 763 3815 qui
775 3758 835 3805 vos,
849 3739 898 3813 qui
911 3745 1018 3793 vestros
1031 3737 1119 3812 impe-
