2742 4384
408 371 468 412 rso
482 372 506 412 r.
521 371 615 413 numo
630 372 750 423 ursona,
766 373 833 414 cnr.
847 375 917 413 xxx.
1123 362 1179 416 120

180 501 327 579 requahter
340 509 499 560 versaretur
511 502 608 560 odium
628 521 733 560 meum.
774 502 841 560 Non
859 511 955 580 potest
975 502 1125 571 dicineus,

179 600 214 639 ne
236 580 354 659 cogitari
366 579 490 655 quidem,
505 581 685 657 quantumin
701 581 749 639 illo
762 583 883 648 sceleris,
899 592 1036 658 quantum
1050 583 1126 641 exitii

178 660 270 718 luerit.
313 663 358 717 79.
381 659 455 728 Quin
476 659 516 717 sic
540 660 685 727 attendite,
705 661 824 739 judices.
866 661 978 738 Nempe
1000 661 1060 718 hac
1081 669 1126 719 est

178 740 296 814 questio
310 738 347 795 de
360 738 475 796 interitu
496 739 529 796 P.
545 738 645 797 clodii.
687 740 799 817 Fingite
813 739 911 797 animis
928 740 1036 817 (liberae
1058 749 1125 798 sunt

178 818 252 875 enim
266 826 369 876 nosue
383 817 565 895 cogitationes
576 825 613 884 et,
628 837 693 894 quae
706 819 813 886 volunt,
827 819 867 877 sic
881 819 1032 886 intuentur,
1044 827 1077 877 ut
1089 829 1155 880 aab

178 897 323 964 cernimus,
339 915 404 973 quae
416 895 567 974 ridemus),
581 897 677 974 fingite
691 898 778 975 igitur
791 898 960 975 cogitatione
973 898 1123 976 imaginem

177 975 263 1051 hujus
284 975 448 1034 conditionis
461 994 544 1042 meae,
558 976 582 1032 si
606 976 712 1053 possim
732 976 848 1043 efficere,
863 985 897 1034 ut
920 976 1052 1035 Milonem
1073 979 1122 1036 ab·

177 1054 300 1121 solvatis,
322 1055 372 1113 sed
393 1054 441 1121 ita,
456 1054 479 1111 si
497 1055 531 1112 Ρ.
547 1054 663 1112 Clodius
681 1055 820 1112 revixerit.
862 1056 936 1124 Quid
951 1057 1032 1113 vultu
1052 1057 1122 1115 exti-

176 1133 308 1190 muistis?
350 1134 480 1202 Quonam
494 1134 579 1191 modo
596 1133 642 1191 ille
655 1152 707 1191 vos
720 1135 799 1191 vivus
817 1135 948 1203 afficeret,
963 1154 1034 1211 quos
1047 1155 1121 1192 mor·

176 1218 242 1269 tuus
255 1212 328 1270 inani
342 1211 512 1289 cogitatione
527 1212 690 1289 percussit?
730 1213 830 1281 Quid?
851 1214 875 1271 si
894 1215 955 1291 ipse
970 1214 1021 1271 Cn.
1036 1215 1120 1272 Pom·
1137 1221 1173 1276 10

176 1290 264 1367 peius,
279 1291 328 1367 qui
341 1310 376 1348 ea
389 1291 493 1348 virtute
511 1309 544 1348 ac
561 1291 675 1348 fortuna
689 1299 740 1358 est,
755 1299 788 1350 ut
809 1311 843 1350 ea
863 1294 986 1370 potuerit
999 1311 1120 1370 semper,

176 1387 240 1444 quae
254 1389 338 1428 nemo
352 1378 457 1446 praeter
469 1369 558 1439 illum,
573 1370 596 1427 si
611 1370 643 1437 is,
658 1370 781 1448 inquam,
793 1373 932 1448 potuisset
946 1380 996 1429 aut
1006 1372 1119 1447 quaesti·

176 1465 258 1505 onem
272 1449 309 1507 de
323 1457 414 1507 morte
427 1449 460 1507 P.
474 1448 565 1506 Olodii
578 1449 651 1507 ferre
661 1459 713 1506 aut
726 1449 819 1526 ipsum
832 1451 869 1508 ab
883 1451 977 1508 inferis
988 1453 1119 1517 excitare,

176 1535 270 1584 utrum
294 1529 401 1605 putatis
426 1528 519 1604 potius
541 1527 683 1585 facturum
707 1528 815 1587 luisse?
862 1530 979 1587 Etiamsi
1004 1540 1121 1609 propter

176 1605 324 1664 amicitiam
344 1606 430 1664 vellet
449 1606 528 1664 illum
542 1607 578 1664 ab
598 1607 693 1664 inferis
706 1626 833 1675 evocare,
850 1619 965 1686 propter
987 1629 1046 1666 rem
1067 1615 1171 1686 prr-15

176 1682 277 1741 blicam
300 1704 355 1742 non
378 1685 499 1744 lecisset.
550 1686 621 1761 Ejus
644 1686 731 1763 igitur
754 1688 851 1744 mortis
875 1687 979 1745 sedetis
1003 1689 1118 1755 ultores,

176 1763 257 1839 cujus
270 1765 356 1821 vitam
376 1763 518 1841 siputetis
539 1782 654 1841 perros
668 1765 778 1822 restitui
801 1784 892 1841 posse,
913 1767 1014 1833 nolitis,
1029 1775 1058 1824 et
1082 1766 1119 1823 de

175 1842 237 1918 ejus
260 1861 328 1900 nece
341 1844 400 1900 lata
420 1843 539 1918 quaestio
563 1843 677 1920 estqui
699 1843 723 1899 si
747 1843 847 1900 eadem
868 1843 932 1921 lege
955 1846 1119 1903 reviviscere

175 1931 281 1997 posset,
295 1921 353 1978 lata
366 1923 411 1979 lex
425 1940 568 1998 nunquam
589 1931 672 1979 esset.
713 1921 809 1998 Hujus
822 1941 891 1999 ergo
915 1923 1076 1981 interfector
1096 1923 1119 1980 si

175 2008 258 2067 esset,
273 2000 301 2057 in
315 2000 473 2058 confitendo
487 2002 524 2058 ab
543 2000 611 2058 iisne
626 2019 741 2077 poenam
758 2001 877 2067 timeret,
892 2021 962 2078 quos
977 2001 1118 2059 liberavis-
1132 2007 1170 2059 20

175 2081 251 2137 set‘.L
278 2086 324 2137 80.
348 2078 440 2138 Graeci
454 2080 581 2137 homines
595 2079 713 2136 deorum
727 2080 847 2137 honores
862 2082 987 2139 tribuunt
1001 2081 1032 2139 iis
1044 2081 1117 2148 viris,

174 2158 222 2234 qui
235 2167 370 2234 tyrannos
383 2167 560 2216 necaverunt.
593 2158 664 2226 Quae
680 2177 735 2235 ego
745 2158 802 2216 vidi
815 2159 960 2217 Athenis?
981 2178 1045 2237 quae
1058 2160 1118 2217 aliis

174 2237 202 2293 iu
214 2237 333 2294 urbibus
342 2237 479 2295 Graecia?
500 2255 572 2312 quas
585 2255 630 2294 res
640 2238 748 2295 divinas
761 2238 866 2295 talibus
880 2238 1021 2296 institutas
1031 2239 1117 2296 viris?

174 2335 244 2392 quos
266 2317 390 2373 cantus?
410 2334 475 2392 quae
495 2316 640 2374 carmina?
680 2316 775 2393 Prope
795 2316 832 2373 ad
851 2316 1067 2375 immortalitatis
1088 2324 1118 2374 et

174 2395 336 2472 religionem
350 2403 379 2453 et
392 2395 555 2453 memoriam
565 2405 773 2452 consecrantur.
815 2395 875 2452 Vos
889 2396 959 2453 tanti
972 2415 1117 2454 conserva·
1132 2402 1169 2455 25

174 2480 265 2530 torem
290 2474 398 2550 populi,
417 2473 488 2532 tanti
507 2474 759 2532 sceleris-ultorem
778 2492 834 2530 non
855 2474 942 2532 modo
966 2475 1118 2533 honoribus

174 2553 256 2610 nullis
280 2552 414 2619 afficietis,
435 2553 486 2611 sed
508 2552 593 2610 etiam
616 2552 653 2610 ad
677 2552 847 2630 supplicium
867 2552 929 2630 rapi
950 2555 1116 2632 patiemini?

176 2630 371 2698 Confiteretur,
397 2632 585 2699 confiteretur,
609 2631 732 2708 inquam,
757 2631 781 2689 si
808 2632 928 2699 fecisset,
957 2641 987 2690 et
1013 2652 1117 2711 magno

175 2709 266 2766 animo
280 2716 310 2767 et
333 2711 445 2775 libente,
460 2711 559 2768 fecisse
582 2729 613 2768 se
633 2710 770 2768 libertatis
790 2711 914 2768 omnium
932 2730 1025 2778 causa,
1040 2712 1117 2788 quod

175 2795 248 2845 esset
262 2788 287 2847 ei
300 2808 357 2846 non
370 2789 560 2847 confitendum
573 2789 667 2855 modo,
682 2790 879 2847 verumetiam
897 2791 1116 2867 praedicandum.
1131 2796 1170 2848 30

213 2868 303 2924 XXX.
346 2874 391 2925 81.
413 2867 533 2934 Etenim,
548 2866 572 2924 si
591 2867 620 2925 id
640 2887 697 2924 non
710 2874 806 2958 negat,
821 2887 856 2931 ex
871 2889 928 2946 quo
948 2869 1016 2926 nihil
1037 2869 1116 2945 petit,

175 2945 226 3002 uisi
240 2954 272 3003 ut
285 2947 456 3024 ignoscatur,
471 2947 614 3005 dubitaret
627 2946 656 3004 id
676 2947 767 3013 laten,
782 2966 817 3003 ex
830 2966 887 3022 quo
900 2948 985 3005 etiam
1000 2948 1118 3023 praemia

175 3024 266 3082 laudis
285 3031 381 3082 essent
401 3025 546 3101 petenda?
566 3025 619 3082 nisi
632 3043 699 3082 vero
719 3026 829 3103 gratius
849 3034 933 3103 putat
952 3045 1014 3083 esse
1027 3027 1116 3093 vobis,

175 3103 217 3159 sui
231 3122 261 3160 se
272 3103 372 3180 capitis
385 3121 472 3180 quam
482 3104 568 3161 vestri
581 3103 758 3161 defensorem
771 3104 875 3170 fuisse;
895 3124 983 3181 quum
998 3124 1117 3182 praeser-

175 3180 225 3238 tim
244 3183 273 3240 in
296 3200 331 3239 ea
350 3182 531 3250 confessione,
546 3182 570 3240 si
593 3183 668 3260 grati
687 3201 749 3240 esse
762 3183 880 3250 velletis,
902 3184 1023 3241 honores
1043 3202 1117 3240 asse·
1132 3192 1169 3244 35

174 3268 308 3335 queretur
337 3261 541 3337 amplissim0s;
575 3261 598 3318 si
625 3261 733 3319 factum
761 3262 840 3319 vobis
867 3281 924 3318 non
951 3263 1118 3339 probaretur

178 3336 363 3416 (quamquam
378 3340 426 3417 qui
441 3347 552 3417 poterat
565 3340 642 3397 salus
663 3360 716 3397 sua
729 3339 861 3415 cuiquam
882 3360 937 3397 non
959 3340 1117 3418 probaui),

174 3417 224 3474 sed
239 3419 372 3476 tamensi
392 3419 484 3476 minus
497 3418 640 3476 fortissimi
653 3419 704 3476 viri
718 3419 807 3475 virtus
823 3419 930 3477 civibus
950 3428 1033 3497 grata
1047 3419 1117 3477 ceci·

175 3494 269 3563 disset,
291 3516 397 3574 magno
417 3497 510 3555 animo
524 3497 720 3574 constantique
740 3496 855 3554 cederet
874 3517 909 3554 ex
929 3498 1040 3575 ingrata
1053 3497 1118 3555 civi·

173 3580 240 3632 tate.
270 3575 425 3652 Numquid
440 3582 516 3634 esset
528 3576 674 3653 ingratius,
690 3595 777 3652 quam
790 3575 882 3633 laetari
893 3586 1010 3643 eeteros,
1019 3579 1118 3654 lugere
1132 3583 1171 3636 40

174 3671 238 3709 eum
252 3654 354 3721 solum,
370 3662 487 3731 propter
500 3673 586 3730 quem
606 3655 692 3712 ceteri
712 3655 901 3711 laetarentur?
944 3662 989 3713 82.
1013 3656 1117 3723 Quam·

172 3749 258 3806 quam
272 3733 328 3790 hoc
342 3733 436 3790 animo
449 3751 562 3810 semper
581 3752 679 3790 omnes
693 3733 798 3789 luimus
814 3734 842 3789 in
856 3733 955 3809 patriae
971 3733 1118 3810 proditori-

173 3810 227 3868 bus
250 3810 452 3888 opprimendis,
473 3819 514 3878 ut,
539 3812 671 3888 quoniam
693 3819 789 3868 nostra
812 3812 908 3867 futura
921 3820 996 3868 esset
1019 3811 1119 3888 gloria,

172 3889 330 3965 periculum
344 3908 458 3967 quoque
477 3896 507 3947 et
525 3889 658 3946 invidiam
678 3898 804 3947 nostram
829 3897 1001 3966 putaremus.
1043 3889 1120 3948 Nam
