2742 4384
146 246 189 313 lt*
589 264 698 311 cataro
718 265 744 310 1ov

191 374 518 475 lium'praestolarentur
540 395 670 455 armatii
706 396 760 457 Oui
770 381 875 469 ‘sciam
892 400 1007 472 pactam
1023 401 1054 454 et
1076 413 1145 453 con·

192 456 405 531 stitutam'b'u'ffi
422 472 519 530 Mallio
540 472 636 532 diem?
677 475 787 553 Aque
811 473 896 532 etiam
920 474 1043 550 aquilam
1065 473 1146 545 illam,
1260 561 1266 568 ἣ

191 558 364 628 argenteam,
378 569 465 627 quam
478 551 530 611 tibi
543 571 578 610 ac
591 553 648 610 tuis
662 554 792 617 omnibus
806 551 990 630 perniciosam
1004 571 1066 610 esse
1077 571 1143 627 con->

136 626 140 647 ¹
190 630 248 687 fido
262 647 296 688 ac
309 629 451 687 funestam
464 630 599 699 futuram,
610 631 655 689 cui
669 633 747 691 domi
761 641 820 691 tuae
836 631 990 689 sacrarium
1003 631 1144 689 scelerum

163 716 305 776 atuorum
327 708 511 767 constitutum
525 709 589 776 fuit,
611 711 698 769 sciam
719 730 781 770 esse
803 709 1005 788 praemissam‘l
1045 710 1090 767 Tu
1110 716 1145 767 ut

190 787 238 845 illa
251 806 348 846 carere
361 788 468 846 diutius
482 788 581 865 possis,
596 808 683 866 quam
696 790 824 849 venerari
845 788 883 846 ad
904 789 1016 847 caedem
1031 788 1142 866 profici·

191 858 423 925 {cermebasl
443 886 461 924 a
475 867 556 945 cujus
570 868 707 928 altaribus
719 888 799 948 saepe
811 869 895 927 istam
908 867 1024 945 impiam
1043 867 1142 927 dexte-

190 962 252 1003 ram
264 945 304 1003 ad
317 965 416 1004 necem
429 946 533 1004 civium
546 948 736 1006 transtulisti?

119 988 139 1081 b
230 1025 266 1082 X.
286 1090 290 1097 .
309 1032 354 1085 25.
377 1025 437 1084 Ibis
456 1025 574 1084 tandem
594 1026 755 1103 aliqnando,
774 1046 832 1104 quo
851 1032 881 1084 te
898 1025 1071 1104 jampridem
1091 1032 1143 1083 tua

144 1102 244 1160 loista
264 1104 407 1181 cupiditas
426 1104 562 1162 effrenata
582 1124 616 1163 ac
640 1105 747 1164 furiosa
766 1105 902 1184 rapiebat.
944 1105 1047 1182 Neque
1067 1105 1142 1163 enim

190 1182 242 1241 tibi
261 1183 326 1241 haec
340 1202 384 1241 res
398 1184 481 1241 affert
499 1182 636 1251 dolorem,
651 1184 703 1242 sed
723 1184 867 1262 quandam
885 1184 1079 1242 incredibilem
1092 1203 1141 1242 vo-

189 1261 339 1339 luptatem.
379 1261 430 1319 Ad
453 1262 527 1321 hanc
547 1268 576 1320 te
590 1263 742 1323 amentiam
755 1271 858 1321 natura
877 1263 996 1347 peperit
1011 1263 1142 1321 voluntas

190 1340 323 1408 exercuit,
344 1341 459 1398 fortuna
472 1342 603 1399 servavit.
645 1342 800 1419 Nunquam
820 1349 854 1400 tu
866 1361 923 1400 non
936 1340 1022 1399 modo
1042 1341 1141 1412 otium,

45 1426 49 1437 ’
77 1416 161 1475 W*
190 1419 241 1477 sed
255 1438 291 1495 ne
305 1419 411 1478 bellum
424 1419 541 1496 quidem
553 1419 605 1478 nisi
626 1421 765 1479 nefarium
780 1420 944 1498 concupisti
958 1416 982 1463 Χ
985 1421 1097 1478 Nactus
1110 1439 1142 1479 es

143 1501 225 1555 lber
276 1498 356 1555 rditis
376 1484 521 1574 atque'rili
540 1499 616 1556 omni
636 1518 695 1557 non
706 1499 793 1558 modo
806 1500 929 1568 fortuna,
943 1518 1043 1558 verum
1056 1499 1141 1557 etiam

190 1517 406 1652 spezerelictis,
422 1577 573 1635 conflatam
594 1578 789 1654 improborum
804 1597 928 1636 manum.
971 1584 1018 1636 26.
1039 1577 1094 1637 Hic
1108 1585 1142 1636 tu

189 1672 246 1732 qua
259 1655 358 1714 laetitia
372 1656 539 1733 perfruere?
568 1657 678 1725 Quibus
692 1657 804 1735 gaudiis
817 1657 997 1715 exsultabis?
1026 1657 1141 1727 Quanta

78 1760 82 1767 ·
189 1733 219 1791 in
241 1724 388 1811 volr‘rp'iate
410 1734 596 1803 bacchabere,
617 1754 707 1812 quum
730 1736 760 1793 in
782 1743 863 1794 tanto
884 1755 1002 1793 numero
1026 1743 1141 1793 tuorum

188 1830 281 1889 neque
294 1813 392 1872 audies
405 1814 496 1872 virum
510 1814 616 1872 bonum
629 1834 802 1892 quemquam
814 1834 907 1892 neque
920 1814 1053 1872 videbis?
1090 1814 1140 1873 Ad

142 1896 182 1949 20
189 1892 276 1970 hujus
289 1892 356 1951 vitae
371 1892 498 1950 studium
512 1893 639 1951 meditati
653 1901 721 1951 sunt
740 1894 787 1961 illi,
803 1894 851 1970 qui
872 1895 1008 1960 ienmtur,
1027 1893 1140 1951 labores

189 1970 246 2027 tui:
265 1971 361 2048 jacere
374 1972 454 2029 humi
466 1990 522 2029 non
535 1973 622 2031 modo
635 1972 673 2030 ad
687 1973 876 2031 obsidendum
889 1980 937 2029 stu
957 1991 1030 2039 rum,
1041 1990 1140 2029 verum

189 2049 274 2107 etiarn
287 2049 324 2107 ad
338 2050 446 2108 facinus
437 2050 640 2130 &Nondum
660 2043 850 2130 vigileife'nori
856 2070 889 2108 so
900 2070 949 2108 um
962 2051 1140 2108 msidiantem

188 2146 289 2185 somno
308 2112 481 2195 mmem,
496 2148 595 2186 verum
615 2129 700 2188 etiam
722 2130 803 2188 bonis
826 2129 989 2188 otiosorum.
1031 2128 1139 2196 Habes,

189 2194 377 2279 affiateptes
390 2208 468 2265 illam
488 2214 568 2265 tuam
582 2209 750 2286 praeclaram
770 2207 934 2286 patientiam
948 2207 1038 2275 famis,
1054 2208 1139 2286 frigo-

142 2290 236 2354 lbna
251 2285 353 2362 mopiae
371 2305 466 2345 rerum
486 2286 620 2355 omnium,
641 2288 746 2364 quihus
768 2295 799 2346 te
820 2287 899 2347 brevi
920 2295 1049 2365 ternpore
1073 2305 1139 2345 con-

189 2364 297 2421 fectum
319 2383 381 2423 esse
402 2364 513 2422 senties.
556 2367 602 2424 rt.
624 2367 746 2424 'lantum
766 2366 877 2444 profeci·
894 2363 992 2445 [tum],
1007 2385 1097 2443 quum
1110 2372 1140 2423 te

188 2459 207 2498 a
227 2441 375 2500 consulatu
388 2433 440 2519 reip
461 2443 509 2509 uli,
523 2449 557 2500 ut
576 2443 656 2502 exsul
681 2445 776 2521 potius
800 2452 911 2504 tentare
934 2463 1021 2521 quam
1041 2444 1139 2503 consul
1237 2466 1239 2469 ·

188 2539 292 2579 vexare
305 2540 365 2578 rem
379 2462 524 2597 pubiicam
543 2541 641 2599 posses
654 2529 741 2600 atque
755 2530 788 2581 ut
807 2522 845 2588 id,
860 2523 937 2600 qued
952 2529 1026 2580 esset
1044 2524 1140 2581 abste

189 2599 326 2659 scelerate
340 2607 515 2678 susceptum,
529 2600 706 2659 latrocinium
720 2600 916 2679 potiusquam
932 2582 1038 2658 bellir'm
1051 2599 1139 2658 nomi·

142 2683 313 2738 sonaretur.
1165 2708 1168 2711 ι

229 2756 281 2816 ΧΙ.
302 2757 395 2825 Nunc,
410 2764 445 2815 ut
467 2776 486 2815 a
504 2776 560 2825 me,
574 2757 677 2817 Patres
701 2757 860 2836 conscripti,
884 2756 1028 2834 quandam
1049 2775 1140 2835 prope

186 2836 295 2914 justam
309 2836 409 2914 patriae
423 2836 626 2913 querimoniam
639 2836 766 2895 detester
784 2856 819 2895 ac
833 2836 977 2914 deprecer,
992 2835 1138 2913 percipite,

189 2933 297 2992 quoeso,
313 2915 470 2994 diligenter,
485 2934 551 2992 quse
573 2915 675 2983 dicam,
690 2923 720 2974 et
739 2934 775 2974 ea
794 2915 907 2994 penitus
921 2914 1020 2972 animis
1038 2914 1140 2972 vestris

189 2994 388 3072 mentibusque
400 2994 542 3052 mandate.
577 2992 699 3063 Etenim,
714 2994 738 3051 si
751 3013 863 3052 mecum
877 2994 976 3071 patria,
992 3013 1057 3070 quae
1071 2993 1140 3051 mihi

25 3076 45 3135 f
62 3098 69 3109 =
87 3067 102 3129 ι’,
142 3080 180 3133 at
190 3071 248 3129 vita
260 3092 324 3131 mea
337 3073 428 3131 multo
440 3080 485 3131 est
497 3072 594 3139 carior,
610 3072 633 3130 si
647 3081 751 3131 cuncta
774 3073 866 3141 Italia,
881 3072 904 3130 si
917 3072 1008 3131 omnis
1021 3091 1066 3130 res
1086 3092 1138 3149 pu·

190 3141 264 3209 blica
287 3152 437 3239 loqu-atur:
460 3151 526 3210 “M.
547 3152 630 3219 Tulli,
644 3150 714 3228 quid
734 3152 820 3231 agis?
861 3152 940 3209 'lime
964 3170 1038 3218 eum,
1054 3169 1139 3228 quem

190 3248 252 3288 esse
275 3230 388 3289 bostem
405 3230 576 3321 comperisti,
589 3249 675 3307 quem
700 3230 802 3290 ducem
823 3231 890 3289 belli
909 3231 1037 3287 futurum
1051 3228 1139 3296 vides,

190 3327 277 3385 quem
295 3308 453 3386 exspectari
472 3316 671 3386 imperatorem
684 3309 714 3367 in
727 3310 826 3368 castris
839 3309 965 3367 hostium
978 3308 1073 3376 sentis,
1089 3326 1138 3364 au-

191 3394 298 3445 ctorem
311 3387 433 3454 sceleris,
448 3386 603 3465 principem
623 3388 832 3467 conjurationis,
847 3395 1025 3446 evocatorem
1045 3405 1138 3445 servo·

143 3473 254 3527 iorum
269 3471 299 3523 et
322 3465 424 3524 civium
448 3466 632 3543 perditarum,
657 3466 734 3525 exire
757 3467 874 3544 patiere,
899 3474 932 3525 ut
955 3467 1060 3524 abste
1084 3484 1140 3522 non

191 3544 311 3602 emissus
337 3563 372 3602 ex
395 3544 475 3612 urbe,
499 3544 550 3603 scd
570 3544 711 3603 immissus
730 3545 759 3603 in
779 3545 879 3604 urbem
901 3563 963 3603 esse
986 3544 1139 3602 videatur?

191 3622 294 3681 Nonne
307 3623 383 3681 hunc
396 3622 424 3680 in
437 3623 547 3681 vincula
561 3622 635 3691 duci,
650 3643 708 3682 non
721 3623 759 3682 ad
775 3632 896 3682 mortem
909 3623 979 3701 rapi,
993 3642 1050 3680 non
1064 3641 1140 3680 sum·

124 3740 135 3783 ι,
191 3720 240 3762 mo
262 3701 402 3780 supplicio
423 3701 540 3759 mactari
563 3701 773 3780 imper-abiail«
794 3710 840 3762 28.
873 3701 949 3772 Quid
971 3686 1141 3760 tandenTie

114 3790 119 3801 ¹
190 3766 333 3862 'rinpedit‘l
373 3780 473 3840 Mcsne
486 3780 651 3859 majorum?
691 3783 736 3840 At
755 3801 886 3861 persoepe
899 3781 984 3840 etiam
998 3779 1101 3860 privati
1113 3779 1142 3837 in

181 3932 374 3993 ι
481 3940 553 3998 at

230 3978 430 4029 ¹·*st’lb0
541 4002 553 4021 ιι
635 4006 673 4025 ·.
