2742 4384
402 278 461 318 rao
476 279 553 318 unas
566 279 723 327 muorsao,
738 278 805 319 oar.
819 279 870 319 xrs
1123 268 1161 323 ot

161 407 337 466 concedatur
349 407 414 465 haec
428 426 542 485 quoque
561 408 699 466 acerbitas
713 415 742 465 et
755 408 811 465 odii
824 408 1006 487 magnitudo:
1028 408 1113 467 odeo·

160 506 205 555 ne,
227 496 261 544 ut
285 487 380 543 omnia
399 486 466 544 ritae
488 485 642 563 salub‘sque
663 487 819 544 communis
842 497 929 563 atque
950 488 1035 544 etiam
1059 487 1111 545 hu-

96 602 101 607 »
160 566 304 622 munitatis
326 566 392 642 jura
416 564 580 621 violentur?
621 565 741 622 Servum
765 565 913 623 sollicitare
935 567 1035 631 verbis,
1061 585 1112 643 spe

159 645 364 721 promissisque
374 661 564 720 corrumpere,
571 643 713 701 abducere
724 644 849 709 domum,
859 652 957 702 contra
968 643 1112 702 dominum

158 741 278 788 armare,
301 722 355 778 hoc
376 730 420 778 est
443 739 500 778 non
520 721 568 778 uni
588 722 755 799 propinquo,
777 722 828 779 sed
851 723 981 781 omnibus
1001 723 1139 784 amitas

158 801 300 858 nefarium
325 799 430 858 bellum
453 798 583 857 indicere.
629 800 706 857 Nam
729 799 783 857 ista
802 801 963 879 corruptela
984 802 1111 867 servisi

158 898 215 936 non
239 879 328 936 modo
349 878 489 956 impunita
506 878 598 945 fuerit,
621 878 671 935 sed
695 878 779 937 etiam
800 897 818 936 a
839 888 919 937 tanta
942 881 1110 939 auctoritate

158 959 330 1035 approbata,
357 957 427 1014 nulli
454 957 576 1033 parietes
602 964 727 1014 nostram
754 959 882 1025 sautem,
910 958 995 1017 nullae
1023 958 1109 1037 leges,

157 1036 238 1092 nulla
261 1037 328 1114 jura
341 1036 509 1093 custodient.
550 1035 609 1093 Ubi
632 1035 705 1092 enim
726 1036 763 1102 id,
778 1036 855 1113 quod
876 1038 951 1094 intus
965 1046 1110 1115 astatque

157 1123 299 1182 nostrum,
314 1115 429 1190 impune
442 1114 555 1171 evolare
575 1120 669 1192 potest
689 1123 841 1191 contraque
855 1134 906 1173 nos
928 1134 1062 1193 pugnare,
1078 1117 1109 1174 fit
1121 1123 1157 1176 10

107 1213 116 1237 s
158 1193 187 1250 in
206 1192 357 1250 dominatu
376 1192 505 1258 servitus,
519 1192 547 1250 in
563 1192 699 1249 servitute
719 1192 887 1251 dominatus.
929 1201 975 1251 al.
998 1195 1023 1251 0
1039 1203 1109 1253 tern-

158 1290 238 1348 pora,
249 1291 267 1328 o
280 1271 393 1329 mores!
415 1271 467 1328 On
482 1270 623 1328 Domitius
636 1270 691 1337 ille,
703 1290 788 1347 quem
803 1290 855 1329 nos
865 1274 945 1349 pueri
956 1274 1107 1339 consulem,

159 1369 315 1417 censorem,
342 1349 505 1427 pontificem
530 1349 683 1406 maximum
708 1349 837 1416 vidimus,
865 1370 953 1427 quum
980 1352 1109 1410 tribunus

160 1428 237 1505 plebi
262 1428 302 1486 M.
324 1428 466 1486 Scaurum
486 1428 640 1506 principem
662 1427 781 1485 civitatis
801 1428 830 1485 in
851 1429 989 1506 judicium
1011 1431 1109 1507 populi

160 1514 290 1564 vocasset
305 1506 462 1583 Scaurique
476 1525 573 1563 servus
586 1506 623 1563 ad
644 1524 711 1563 eum
726 1507 799 1564 clam
814 1506 930 1565 domum
945 1510 1066 1565 venisset
1079 1518 1109 1566 et
1120 1519 1156 1571 lo

160 1586 276 1642 crimina
296 1586 326 1642 in
346 1585 492 1643 dominum
515 1585 676 1642 delaturum
697 1604 728 1641 se
748 1604 811 1642 essc
831 1585 955 1651 dixisset,
971 1587 1109 1664 prehendi

159 1665 305 1721 hominem
314 1664 399 1742 jussit
412 1663 449 1720 ad
461 1663 657 1740 Scaurumque
671 1663 782 1721 deduci.
804 1663 887 1731 Vide,
901 1665 970 1742 quid
983 1666 1109 1733 intersit;

160 1744 212 1800 etsi
238 1743 335 1819 inique
362 1743 511 1799 Castorem
532 1761 597 1799 cum
618 1742 742 1800 Domitio
764 1761 914 1820 comparo:
943 1743 994 1800 sed
1014 1753 1110 1802 tamen

159 1821 205 1879 ille
224 1822 340 1879 inimico
353 1840 467 1878 servum
482 1820 595 1887 remisit,
609 1828 643 1878 tu
656 1822 693 1878 ab
706 1839 760 1879 avo
773 1821 933 1889 abduxisti;
954 1822 1000 1879 illc
1020 1823 1109 1879 incor-

159 1907 279 1978 ruptum
293 1900 392 1957 audire
412 1898 511 1965 noluit,
526 1906 560 1956 tu
572 1899 737 1976 corrupisti,
757 1900 803 1958 ille
817 1900 977 1978 adjutorem
996 1920 1109 1958 servum
1120 1908 1157 1961 20

160 1987 260 2036 contra
274 1979 421 2036 dominum
444 1977 613 2055 repudiavit,
627 1985 661 2034 tu
673 1978 759 2035 etiam
773 1988 967 2036 accusatorem
988 1979 1108 2037 adhibu-

158 2057 212 2115 isti
257 2065 304 2114 32.
327 2058 370 2114 At
393 2055 482 2114 semel
504 2056 558 2113 iste
581 2065 626 2114 est
649 2064 799 2134 corruptus
822 2076 840 2114 a
863 2058 966 2115 vobis?
1007 2058 1108 2116 Nonne

159 2155 251 2213 quum
271 2143 348 2194 esset
368 2136 526 2214 productus
540 2140 569 2192 et
592 2154 680 2211 quum
705 2143 800 2193 tecum
820 2136 928 2203 misser,
943 2136 1048 2213 refugit
1070 2137 1108 2195 ad

159 2215 296 2293 legatos?
316 2233 409 2271 nonne
423 2213 557 2271 etiamad
571 2214 647 2271 hunc
661 2214 713 2271 (ln.
726 2215 883 2273 Domitium
897 2215 995 2272 venit?
1016 2234 1108 2273 nonne

159 2294 295 2351 audiente
318 2293 373 2350 hoc
397 2292 458 2350 Ser.
474 2292 599 2369 Sulpicio
623 2292 777 2350 clarissimo
796 2293 865 2360 viro,
886 2294 935 2369 qui
958 2303 1020 2352 tum
1040 2304 1157 2358 casutb

159 2372 239 2449 apud
267 2371 426 2429 Domitium
453 2372 594 2437 coenabat,
622 2377 652 2428 et
677 2371 734 2429 hoc
761 2372 792 2430 Τ.
820 2372 972 2448 Torquato,
1000 2373 1108 2449 optimo

159 2452 352 2518 adolescente,
368 2469 399 2508 se
413 2469 431 2506 a
449 2456 480 2506 te
494 2458 668 2526 corruptum,
689 2450 746 2508 tuis
766 2451 910 2528 promissis
929 2451 958 2508 in
977 2450 1108 2508 fraudem

159 2530 318 2607 impulsum
332 2548 394 2586 csse
408 2528 554 2586 consessus
567 2529 633 2585 est‘l

199 2609 270 2665 XII.
302 2608 374 2677 Quae
403 2614 448 2665 est
473 2608 529 2664 ista
554 2613 614 2664 tam
639 2606 790 2684 impotens,
811 2614 871 2665 tam
899 2608 1028 2676 crudelis,
1049 2616 1108 2667 tam

160 2686 350 2744 immoderata
368 2686 582 2745 inhumanitas‘.l
609 2685 714 2743 idcirco
733 2687 762 2743 in
782 2687 855 2744 hanc
878 2686 980 2744 urbem
1000 2688 1107 2755 venisti,
1120 2697 1158 2750 30

161 2773 194 2823 ut
207 2766 296 2843 hujus
309 2766 386 2823 urbis
404 2766 471 2842 jura
484 2772 515 2821 et
527 2764 658 2840 exempla
672 2783 876 2842 corrumperes,
898 2764 1109 2842 domesticaque

161 2843 338 2901 immanitate
351 2852 458 2902 nostrae
473 2842 593 2900 civitatis
612 2843 819 2900 humanitatem
839 2843 1019 2919 inquinares‘l
1061 2851 1107 2902 33.

162 2922 205 2980 At
218 2942 306 2999 quam
321 2929 402 2980 acute
424 2922 544 2979 collecta
564 2921 694 2978 crimina!
736 2921 901 2988 Blesamius,
921 2921 1018 2998 inquit,
1035 2921 1110 3000 (ejus

162 3002 237 3058 enim
251 3002 372 3069 nomine,
387 3000 488 3078 optimi
501 3000 552 3056 viri
573 3018 626 3057 nec
646 3000 697 3058 tibi
715 3000 814 3077 ignmi,
828 3000 1016 3058 maledicebat
1036 2998 1109 3078 tibi)

162 3080 200 3136 ad
222 3099 323 3157 regem
345 3080 467 3137 scribere
492 3078 603 3135 solebat
627 3085 657 3136 ts
682 3078 711 3136 in
734 3078 837 3136 invidia
860 3097 930 3145 esse,
958 3086 1109 3169 tyrannum
1122 3089 1158 3143 35

162 3158 331 3225 existimem
352 3164 448 3216 statua
467 3157 541 3214 inter
559 3175 643 3235 reges
664 3157 756 3234 posita
775 3159 883 3214 animos
903 3157 1049 3214 bominum
1063 3176 1110 3214 ve·

162 3237 312 3294 hementer
324 3237 463 3303 offensos;
485 3236 583 3313 plaudi
602 3236 653 3293 tibi
672 3255 729 3293 non
749 3235 847 3293 solere.
889 3235 991 3292 Nonne
1010 3235 1110 3293 intelli·

161 3315 214 3392 gis,
230 3315 339 3382 Caesar,
361 3335 397 3373 ex
417 3311 532 3372 urbanis
552 3315 755 3372 malevolorum
776 3314 961 3372 sermunculis
985 3314 1049 3372 haec
1073 3315 1110 3373 ab

160 3394 221 3451 istis
235 3413 298 3451 esse
313 3393 455 3451 collecta?
497 3393 654 3450 Blesamius
673 3399 827 3469 tyrannum
849 3393 993 3450 Gaesarem
1008 3394 1110 3452 scribe·

160 3474 228 3529 ret?
269 3472 429 3529 Multorum
444 3470 519 3528 enim
533 3472 627 3548 capita
644 3471 746 3528 civium
760 3472 884 3537 viderat;
905 3470 1011 3527 multos
1029 3472 1113 3549 jussu
1124 3479 1162 3530 40

162 3551 287 3608 Caesaris
307 3558 435 3618 vexatos,
456 3550 629 3616 verberatos,
653 3557 785 3616 necatos;
816 3549 921 3607 multas
942 3549 1060 3607 afflictas
1083 3557 1113 3607 et

161 3647 274 3686 eversas
299 3629 418 3695 domos;
446 3629 562 3684 armatis
584 3628 720 3685 militibus
739 3629 875 3685 refertum
896 3628 997 3684 forum.
1039 3628 1111 3696 Quae

160 3727 275 3786 semper
287 3708 318 3764 in
331 3707 406 3766 civili
415 3705 533 3764 victoria
547 3706 694 3772 sensimus,
706 3724 739 3763 ea
752 3712 782 3763 te
792 3707 898 3765 victore
912 3723 968 3761 non
982 3706 1112 3763 vidimus.

161 3793 206 3846 34.
228 3786 325 3855 Solus,
340 3788 469 3864 iuquam,
484 3803 524 3853 es,
539 3785 573 3842 0.
588 3784 696 3851 Caesar,
711 3785 794 3862 cnjus
811 3786 840 3842 iu
853 3782 969 3841 victoria
982 3781 1115 3839 ceciderit
