2742 4384
329 317 388 359 sao
402 319 427 358 r.
442 316 671 367 armorumue,
687 319 754 358 oar.
769 319 880 369 xxxvu,
895 318 1020 360 mvxn
1135 304 1193 361 lat

191 446 315 506 officinm
328 447 428 506 deluit.
469 446 532 525 Fsgo
545 447 700 504 inimicitias
715 448 872 524 potentium
893 466 946 525 pro
962 455 992 506 te
1005 447 1139 526 appetivi,

191 544 246 604 ego
269 546 366 584 meum
386 544 464 602 saepe
482 545 586 602 corpus
600 535 630 583 et
641 527 730 583 vitam
743 527 836 604 objeci
858 527 943 584 arima
966 528 1139 585 inimicorum

190 611 314 672 tuorum,
337 624 392 684 ego
412 623 459 662 me
482 604 609 682 plurimis
633 624 685 682 pro
707 614 736 662 te
756 606 914 682 supplicem
933 606 1033 697 abjeci,
1056 607 1139 673 bona,

190 684 319 742 fortunas
331 702 412 742 meas
424 701 459 740 ac
478 683 630 741 liberorum
648 702 776 741 meorum
796 684 823 742 iu
837 703 1063 743 commumonem
1076 693 1139 743 tuo·

190 781 255 819 rum
278 769 441 839 temporum
461 762 583 830 contuli;
604 762 659 820 hoc
682 762 804 839 denique
826 763 890 840 ipso
909 763 1003 831 diesi
1025 782 1083 841 qua
1097 764 1171 827 1115

190 849 236 898 eat
249 848 356 918 parata,
372 841 470 918 siqua
489 840 632 899 dimicatio
646 858 679 898 ca
700 841 746 898 itis
769 841 873 910 lutura,
889 842 1021 919 deposco.
1063 842 1139 911 Quid

189 919 251 996 jam
263 921 371 977 restat?
392 919 461 997 quid
475 919 576 987 habeo,
587 919 665 996 quod
679 861 781 977 laciam
796 939 848 997 pro
858 921 914 979 tuis
926 922 955 977 iu
963 940 1009 978 me
1022 921 1138 988 meritis,

190 998 243 1055 nisi
257 1006 289 1056 ut
312 1018 377 1056 eam
396 999 548 1066 fortunam,
562 1017 742 1076 quaecunque
758 998 812 1055 erit
832 1008 890 1067 tua,
905 999 1008 1057 ducam
1022 1001 1138 1057 meam?

192 1077 259 1134 Non
278 1077 381 1145 abnuo,
396 1096 454 1135 non
472 1095 580 1144 recuso,
594 1095 702 1153 vosque
716 1078 842 1145 obsecro,
854 1078 975 1156 judices,
989 1085 1022 1135 ut
1045 1086 1139 1135 vestra

191 1155 335 1223 beneficia,
346 1175 413 1232 quae
427 1155 456 1212 iu
469 1174 515 1213 me
529 1155 694 1223 contulistis,
708 1163 759 1213 aut
768 1156 797 1213 in
810 1155 895 1234 hujus
903 1157 995 1214 salute
1009 1158 1138 1236 augeatis
1154 1164 1191 1217 10

191 1242 242 1291 aut
255 1235 283 1290 iu
297 1235 426 1311 ejusdem
439 1234 523 1292 exitio
535 1252 671 1292 occasura
683 1252 746 1291 esse
759 1234 886 1293 videatis.

231 1313 383 1370 XXXVII.
427 1318 491 1370 101.
516 1313 569 1370 His
593 1312 713 1370 lacrimis
737 1332 793 1371 uon
814 1321 944 1373 movetur
967 1313 1044 1373 Milo.
1086 1314 1138 1372 Est

192 1392 317 1468 quodam
336 1391 491 1449 incredibili
509 1393 610 1450 robore
623 1392 724 1458 auimi;
745 1392 872 1450 exsilium
896 1392 934 1451 ibi
957 1411 1020 1451 esse
1044 1401 1136 1470 putat,

192 1471 241 1527 ubi
255 1471 351 1528 virtuti
373 1470 479 1528 nonsit
500 1470 596 1537 locus;
617 1479 738 1528 mortem
758 1480 866 1530 naturae
888 1472 972 1529 finem
986 1490 1057 1538 esse,
1081 1491 1137 1530 uou

193 1568 316 1626 poenam.
358 1548 417 1606 Sed
440 1549 485 1606 hic
505 1567 539 1606 ea
559 1556 661 1616 mente,
676 1568 734 1626 qua
751 1557 835 1607 uatus
848 1558 908 1617 est;
928 1551 997 1627 quid
1019 1570 1078 1616 vos,
1090 1551 1136 1629 ju·
1153 1557 1188 1610 15

193 1629 291 1685 1111111
312 1647 369 1705 quo
388 1627 612 1693 tandemanimo
631 1628 732 1685 eritis?
773 1628 938 1686 Memoriam
962 1629 1074 1686 Milonis
1094 1650 1136 1687 re·

192 1707 323 1773 tinebitis,
334 1707 429 1783 ipsum
441 1704 577 1783 ejicietis?
598 1714 628 1764 ct
640 1707 694 1764 erit
707 1707 817 1784 dignior
829 1707 909 1764 locus
919 1708 994 1764 ullus
1007 1708 1035 1764 iu
1046 1709 1136 1775 terris,

193 1787 240 1862 qui
254 1787 326 1843 hauc
341 1785 472 1843 virtutem
487 1785 615 1862 excipiat,
630 1804 716 1862 quam
727 1786 781 1851 hic,
793 1784 841 1861 qui
855 1785 1035 1861 procreavit?
1066 1786 1136 1853 Vos,

193 1885 243 1922 vos
256 1864 378 1942 appello,
392 1864 536 1922 fortissimi
548 1863 606 1931 viri,
622 1864 670 1940 qui
690 1864 811 1920 multum
832 1881 884 1941 pro
903 1881 933 1920 11
947 1862 1061 1939 publica
1074 1882 1137 1921 san·

192 1945 306 2021 31111111
330 1942 483 2009 effudistis3
514 1961 565 2000 vos
584 1942 612 1999 in
632 1942 684 1999 viri
704 1949 733 1999 et
756 1942 784 1998 in
808 1942 875 1999 civis
898 1942 992 1998 invicti
1013 1942 1137 2019 periculo
1152 1947 1189 1999 20

192 2023 313 2099 appello,
335 2021 519 2088 centuriones,
535 2039 649 2097 vosque,
670 2021 789 2087 milites;
809 2021 889 2079 vobis
913 2039 969 2077 non
988 2021 1073 2078 modo
1096 2021 1136 2078 in·

192 2100 394 2177 spectantibus,
409 2099 559 2157 sedetiam
573 2100 688 2156 armatis
702 2108 731 2157 et
751 2100 816 2158 huic
837 2100 944 2177 judicio
958 2099 1136 2176 praesidenti·

192 2181 254 2246 bus,
269 2180 334 2237 haec
354 2185 434 2235 tauta
446 2178 534 2236 virtus
548 2197 584 2236 ex
604 2179 657 2236 hac
671 2180 742 2236 urbe
760 2179 927 2256 expelletur,
942 2179 1136 2236 exterminabi-

192 2266 247 2325 tur,
276 2257 460 2335 projicietur?
503 2257 616 2315 1010
640 2276 685 2314 me
709 2258 851 2324 miserum,
873 2277 891 2315 o
913 2275 959 2314 me
982 2257 1137 2314 infelicem!

192 2337 337 2395 Revocare
351 2344 384 2393 tu
397 2355 442 2393 me
455 2335 484 2392 iu
497 2336 625 2412 patriam,
641 2335 719 2402 Milo,
734 2336 850 2411 potuisti
864 2354 915 2411 per
928 2335 989 2403 hos,
999 2354 1054 2413 ego
1067 2343 1096 2392 te
1109 2335 1137 2392 in
1151 2341 1189 2394 21

193 2418 284 2492 patria
298 2434 349 2492 per
362 2414 478 2472 cosdem
491 2415 611 2472 retinere
624 2433 680 2471 nou
701 2414 822 2491 potero?
864 2413 938 2481 Quid
959 2414 1138 2490 respondebo

192 2495 286 2551 liberis
311 2494 389 2560 meis,
409 2493 459 2570 qui
482 2501 511 2549 te
534 2501 681 2569 parentem
702 2493 823 2550 alterum
844 2493 968 2569 putant?
989 2492 1057 2569 quid
1078 2493 1136 2560 tibi,

193 2573 297 2640 Quinte
320 2573 415 2638 frater,
436 2572 485 2649 qui
507 2591 582 2629 nunc
602 2573 678 2638 abes,
694 2571 817 2629 consorti
839 2590 951 2628 mecum
974 2579 1138 2647 temporum

192 2652 327 2708 illorum‘.l
361 2668 443 2708 mene
470 2670 526 2708 nou
553 2651 678 2726 potuisse
702 2651 812 2708 Milonis
839 2650 961 2708 salutem
988 2651 1060 2707 tueri
1087 2669 1138 2728 per

193 2731 317 2797 eosdem,
334 2748 385 2806 per
397 2747 469 2805 quos
482 2736 606 2787 nostram
620 2729 667 2787 ille
681 2730 842 2787 servasset?
883 2730 927 2786 At
939 2730 968 2786 in
981 2748 1038 2805 qua
1051 2748 1137 2787 causa
1151 2733 1190 2785 30

193 2827 250 2865 nou
271 2808 418 2885 potuisse?
439 2827 504 2884 quse
526 2815 570 2864 est
593 2815 675 2886 grata
690 2807 708 2842 *
724 2807 742 2842 *
761 2809 894 2885 gentibus
914 2827 970 2865 non
989 2808 1136 2885 potuisse?

194 2888 234 2954 iis,
259 2888 308 2964 qui
330 2888 450 2944 maxime
474 2887 507 2944 P.
530 2886 622 2944 Olodii
644 2894 736 2944 morta
756 2887 938 2963 acquierunt;
958 2906 1016 2963 quo
1036 2886 1136 2963 depre-

193 2968 298 3023 cante‘l
319 2984 374 3023 me.
426 2971 490 3023 103.
513 2964 662 3032 Quodnam
686 2983 741 3043 ego
761 2967 877 3042 concepi
899 2972 1011 3022 tantum
1035 2966 1136 3031 scelus,

193 3051 245 3101 aut
264 3045 341 3120 quod
361 3046 389 3101 iu
402 3063 448 3101 me
467 3050 580 3101 tantum
599 3044 707 3102 faciuus
722 3044 830 3111 admisi,
849 3044 968 3120 judices,
983 3063 1071 3119 quum
1090 3043 1138 3100 illa

193 3124 295 3181 iudicia
309 3123 463 3181 communis
477 3123 553 3180 exitii
564 3123 705 3200 indagavi,
724 3123 852 3199 patefeci,
868 3122 980 3198 protuli,
995 3122 1136 3179 exstinxi?
1151 3126 1188 3177 35

150 3200 153 3203 ’
195 3203 302 3259 Omnes
325 3201 354 3259 iu
377 3221 423 3259 me
446 3220 581 3278 meosque
604 3202 765 3258 redundant
788 3219 824 3258 ex
846 3201 924 3258 fonte
945 3201 993 3258 illo
1016 3200 1136 3258 dolores.

195 3280 271 3348 Quid
291 3300 337 3337 me
357 3280 490 3338 reducem
510 3298 572 3336 esse
589 3280 737 3337 1111111111
758 3298 795 3335 an
817 3286 858 3346 ut,
882 3280 1058 3355 inspectante
1082 3298 1137 3345 me,

194 3359 403 3435 expellerentur
415 3358 441 3425 ii,
454 3377 505 3435 per
517 3377 589 3434 quos
602 3377 694 3415 essem
707 3358 875 3414 restitutus?
904 3358 1008 3424 Nolite,
1021 3360 1138 3417 obsecro

194 3457 254 3504 vos,
265 3439 436 3495 acerbiorem
450 3437 518 3494 mihi
532 3437 591 3513 pati
604 3437 725 3497 reditum
740 3455 810 3503 esse,
822 3455 907 3512 quam
921 3437 1007 3494 fuerit
1020 3436 1066 3493 ille
1076 3437 1138 3513 ipse

194 3516 344 3573 discessus.
385 3517 461 3573 Nam
474 3516 523 3591 qui
543 3534 659 3591 possum
680 3523 780 3592 putare
794 3534 840 3571 me
853 3516 1016 3573 restitutum
1029 3534 1100 3582 esse,
1114 3515 1189 3571 1140

194 3594 336 3652 distrahar
349 3595 386 3653 ab
398 3595 439 3660 iis,
455 3613 506 3670 per
519 3613 590 3670 quos
604 3594 751 3650 restitutus
765 3594 851 3650 sum?

235 3673 402 3732 XXXVIII.
423 3673 539 3730 Utinam
563 3671 601 3729 dii
623 3672 796 3730 immortales
819 3672 951 3729 fecissent
972 3670 1055 3750 (pace
1078 3678 1137 3735 tua,

196 3753 296 3829 patria,
311 3752 445 3818 dixerim
465 3758 562 3809 metuo
575 3751 657 3816 enim,
668 3770 705 3808 ne
715 3751 850 3808 scelerate
863 3751 956 3808 dicam
970 3751 998 3807 in
1010 3757 1048 3815 te,
1060 3748 1137 3825 quod

196 3850 249 3908 pro
262 3830 366 3888 Milone
380 3830 473 3888 dicam
492 3827 559 3907 pie),
574 3829 681 3886 utinam
702 3830 735 3887 P.
751 3829 868 3887 Clodius
888 3848 945 3887 nou
964 3827 1050 3885 modo
1063 3827 1138 3885 vive·
