2742 4384
215 293 272 348 102
683 304 789 345 onemo

264 442 331 492 sunt
344 454 435 511 neque
450 441 567 491 aetatum
581 434 705 491 omnium
720 453 812 510 neque
824 433 968 500 locorum;
992 440 1022 490 at
1034 433 1099 490 haec
1113 433 1206 490 studia

264 514 481 571 adolescentiam
505 520 619 579 acuunt,
634 520 808 569 senectutem
829 513 980 578 oblectant,
1002 513 1141 569 secundas
1162 531 1206 568 res

264 600 372 659 ornant,
388 592 512 649 adversis
527 591 689 668 perfugium
703 611 736 648 ac
751 591 882 647 solatium
897 592 1042 667 praebent;
1063 591 1206 646 delectant

263 671 348 738 domi,
363 690 419 727 non
438 670 596 747 impediunt
613 669 689 735 forie,
710 677 879 746 pernoctant
901 669 1056 734 nobiscum,
1081 670 1205 746 peregri-

231 759 249 811 5
262 757 372 815 nantur,
387 749 565 806 rusticantur.

304 829 356 884 17„
371 828 455 896 Quod
466 828 489 885 si
498 827 552 904 ipsi
566 827 629 884 haec
643 845 735 903 neque
749 826 889 902 attingere
905 845 997 902 neque
1011 845 1096 883 sensu
1109 831 1205 883 nostro

261 913 377 983 gustare
392 925 548 983 possemus,
560 913 656 962 tamen
669 924 704 961 ea
716 905 810 961 mirari
824 905 1001 972 deberemus,
1017 905 1102 961 etiam
1116 923 1205 979 quum

261 983 290 1040 in
303 984 362 1040 aliis
376 985 543 1041 videremus.
1237 1044 1239 1046 .

300 1062 385 1119 VIII.
408 1064 477 1132 Quis
497 1071 624 1120 nostrum
644 1069 705 1120 tam
721 1061 813 1117 animo
830 1061 935 1138 agresti
949 1080 982 1117 ac
1003 1060 1075 1118 duro
1095 1061 1156 1128 fuit,
1172 1069 1205 1118 ut

211 1150 248 1201 10
261 1141 354 1197 Roscii
378 1150 469 1199 morte
483 1161 573 1218 nuper
598 1161 653 1198 non
674 1140 923 1197 commoveretur?
944 1140 993 1215 qui
1017 1159 1106 1215 quum
1129 1147 1206 1196 esset

261 1238 345 1276 senex
359 1230 495 1286 mortuus,
511 1228 607 1277 tamen
627 1226 744 1296 propter
757 1218 941 1275 excellentem
960 1226 1050 1274 artem
1070 1238 1103 1275 ac
1117 1237 1204 1274 venu-

260 1304 364 1354 statem
388 1299 537 1356 videbatur
556 1300 669 1356 omnino
693 1297 765 1353 mori
787 1316 844 1352 non
867 1297 1006 1354 debuisse.
1056 1297 1134 1373 Ergo
1156 1297 1204 1353 ille

261 1376 384 1451 corporis
412 1387 493 1433 motu
520 1384 631 1433 tantum
659 1394 784 1432 amorem
812 1375 865 1431 sibi
891 1375 1051 1432 conciliarat
1077 1394 1095 1430 a
1122 1376 1204 1432 nobis

260 1453 406 1510 omnibus:
429 1455 481 1510 hos
495 1455 652 1512 animorum
671 1453 847 1511 incredibiles
861 1461 955 1510 motus
974 1453 1205 1529 celeritatemque

210 1537 245 1591 15
260 1530 435 1607 ingeniorum
456 1533 659 1610 negligemus?
703 1540 748 1590 la.
770 1532 886 1600 Quoties
901 1551 956 1609 ego
976 1532 1052 1589 hunc
1066 1533 1204 1589 Archiam

259 1608 324 1675 vidi,
338 1609 457 1685 judices,
474 1609 549 1688 (utar
564 1612 638 1668 enim
652 1619 748 1668 vestra
767 1611 949 1688 benignitate,
964 1612 1096 1686 quoniam
1110 1629 1156 1667 me
1174 1611 1204 1667 in

259 1687 313 1744 hoo
327 1707 400 1745 novo
419 1708 523 1767 genere
538 1690 648 1747 dicendi
668 1697 728 1746 tam
749 1689 898 1766 diligenter
911 1688 1078 1766 attenditis)
1093 1691 1204 1766 quoties

259 1784 315 1844 ego
335 1767 411 1824 hunc
425 1768 489 1834 vidi,
511 1788 599 1844 quum
619 1769 729 1825 literam
750 1767 906 1844 scripsisset
929 1768 1043 1834 nullam,
1065 1787 1204 1845 magnum

258 1864 408 1902 numerum
422 1846 593 1923 optimorum
606 1866 739 1904 versuum
760 1846 796 1902 de
815 1845 848 1902 iis
868 1846 935 1922 ipsis
952 1847 1044 1912 rebus
1060 1866 1125 1922 quae
1140 1854 1203 1904 tum

208 1929 246 1982 20
259 1931 419 2000 agerentur,
435 1925 528 1982 dicere
549 1945 584 1982 ex
604 1924 748 2001 tempore!
769 1925 879 2000 quoties
899 1933 1062 1981 revocatum
1082 1926 1203 1982 eandem

258 2020 319 2059 rem
333 2001 426 2060 dicere
441 2004 620 2061 commutatis
634 2003 727 2061 verbis
747 2010 833 2079 atque
847 2002 1006 2059 sententiis!
1047 2002 1120 2071 Quae
1134 2022 1203 2061 vero

259 2088 391 2137 accurate
411 2082 590 2158 cogitateque
611 2082 778 2158 scripsisset,
794 2100 828 2137 ea
841 2081 880 2137 sic
895 2081 951 2137 vidi
975 2081 1096 2157 probari,
1111 2088 1143 2138 ut
1163 2083 1203 2139 ad

258 2165 387 2216 veterum
410 2160 579 2237 scriptorum
604 2160 718 2218 laudem
743 2160 928 2237 pervenirent.
970 2159 1055 2217 Hunc
1076 2179 1131 2237 ego
1144 2180 1203 2217 non

259 2236 398 2314 diligam?
428 2258 485 2295 non
508 2238 652 2295 admirer?
680 2258 737 2294 non
761 2237 836 2294 omni
859 2237 966 2294 ratione
990 2237 1203 2296 defendendum

208 2318 245 2374 25
259 2316 381 2392 putem?
422 2316 520 2392 Atque
540 2317 580 2374 sio
601 2336 617 2373 a
635 2316 752 2374 summis
772 2316 932 2373 hominibus
953 2315 1203 2393 eruditissimisque

258 2395 427 2471 accepimus,
440 2402 596 2452 ceterarum
609 2415 704 2452 rerum
718 2395 812 2451 studia
825 2401 854 2451 et
869 2394 994 2451 doctrina
1008 2402 1037 2451 et
1051 2396 1202 2471 praeceptis

258 2478 287 2527 et
300 2480 360 2529 arte
375 2482 511 2542 constare,
524 2483 637 2550 poetam
648 2482 748 2531 natura
762 2473 824 2549 ipsa
833 2474 928 2530 valere
942 2480 971 2529 et
984 2474 1085 2530 mentis
1096 2474 1202 2531 viribus

258 2550 372 2606 excitari
392 2559 420 2607 et
441 2553 521 2627 quasi
541 2552 634 2609 divino
648 2553 772 2628 quodam
786 2552 886 2628 spiritu
901 2551 998 2609 inflari.
1040 2553 1133 2619 Quare
1148 2571 1202 2609 suo

256 2626 320 2702 jure
333 2634 428 2685 noster
447 2629 494 2686 ille
508 2629 614 2687 Ennius
628 2638 741 2688 sanctos
755 2630 883 2707 appellat
903 2618 1102 2706 poetasfquod
1120 2631 1201 2706 quasi

206 2709 245 2762 30
259 2704 376 2762 deorum
390 2707 484 2784 aliquo
505 2708 579 2765 dono
593 2716 679 2785 atque
699 2727 814 2765 munere
829 2709 1018 2766 commendati
1038 2709 1117 2766 nobis
1138 2728 1201 2765 esse

257 2783 412 2842 videantur.
469 2792 514 2844 19.
546 2786 590 2843 Sit
616 2787 710 2864 igitur,
733 2786 852 2863 judices,
878 2795 1007 2844 sanctum
1034 2787 1112 2864 apud
1138 2806 1198 2855 vos,

256 2861 471 2920 humanissimos
490 2864 627 2932 homines
643 2866 697 2922 hoc
718 2873 811 2942 poetae
830 2885 941 2932 nomen,
956 2866 1033 2941 quod
1053 2866 1130 2922 nulla
1147 2885 1200 2922 un·

256 2959 342 3016 quam
363 2941 492 2998 barbarie
511 2943 631 3001 violavit.
674 2943 750 3000 Saxa
770 2950 799 3000 et
819 2944 982 3000 solitudines
1002 2944 1064 3001 voci
1083 2963 1199 3020 respon-

257 3019 344 3086 dent;
365 3021 463 3077 bestiae
477 3039 553 3097 saepe
573 3022 710 3079 immanes
732 3028 818 3079 cantu
837 3023 989 3079 flectuntur
1009 3031 1095 3098 atque
1109 3023 1198 3079 consi·

206 3102 243 3153 35
258 3104 353 3154 stunt:
375 3118 426 3156 nos
446 3099 565 3157 instituti
584 3102 669 3158 rebus
683 3100 797 3176 optimis
810 3119 867 3156 non
887 3108 1034 3177 poetarum
1055 3119 1125 3157 voce
1138 3119 1198 3157 mo·

256 3177 395 3233 veamur?
436 3177 593 3236 Homerum
617 3178 785 3255 Colophonii
805 3179 894 3235 civem
908 3166 976 3236 'esse
994 3179 1091 3236 dicunt
1104 3198 1197 3247 suum,

257 3253 321 3309 Chii
344 3274 427 3311 suum
450 3255 600 3323 vindicant,
626 3256 771 3314 Salaminii
797 3265 938 3333 repetunt,
965 3257 1104 3333 Smyrnaei
1130 3276 1198 3314 vero

256 3349 340 3388 suum
368 3352 429 3390 esse
453 3334 637 3401 confirmant;
670 3335 766 3410 itaque
790 3335 874 3392 etiam
902 3335 1052 3393 delubrum
1080 3335 1142 3411 ejus
1169 3335 1198 3391 in

256 3411 362 3485 oppido
377 3411 593 3469 dedicaverunt:
615 3412 750 3490 permulti
763 3413 808 3470 alii
829 3421 968 3490 praeterea
982 3420 1112 3490 pugnant
1125 3413 1199 3470 inter

204 3492 243 3546 40
257 3505 287 3543 se
301 3495 385 3564 atque
400 3489 582 3546 contendunt.

296 3566 346 3622 IX.
377 3567 455 3644 Ergo
478 3568 517 3623 illi
541 3567 670 3635 alienum,
695 3568 761 3645 quia
788 3576 874 3646 poeta
899 3569 962 3637 fuit,
987 3577 1053 3645 post
1076 3575 1198 3625 mortem

255 3643 340 3700 etiam
351 3652 503 3720 expetunt:
524 3664 576 3701 nos
589 3646 664 3703 hunc
675 3647 778 3713 vivum,
791 3648 839 3724 qui
853 3655 882 3704 et
891 3648 1036 3705 voluntate
1047 3654 1076 3703 et
1086 3647 1197 3725 legibus

254 3731 350 3780 noster
377 3730 428 3790 est,
456 3724 689 3800 repudiabimus?
720 3727 877 3802 praesertim
904 3745 992 3801 quum
1020 3720 1103 3782 omne
1130 3726 1197 3783 olim

254 3801 381 3860 studium
394 3809 480 3878 atque
493 3820 577 3860 omne
590 3802 734 3881 ingenium
748 3804 898 3861 contulerit
909 3804 1033 3862 Archias
1046 3803 1084 3860 ad
1098 3802 1197 3881 populi
