2742 4384
217 265 276 322 456
668 278 765 318 noras.

218 369 265 411 hs·

216 409 370 497 135planius
382 415 452 466 esset,
464 414 491 457 ut
502 414 545 456 aut
555 407 628 470 hujus
639 375 721 456 salute
728 407 902 465 conservanda,
914 423 930 455 a
937 414 965 456 ut
975 406 1083 471 ejusdem
1090 410 1227 460 exitio'de-

282 487 409 534 cernendo.

302 566 355 610 11.
375 564 513 619 Videatls,
524 565 548 611 h.
561 579 583 611 e.
595 564 741 627 intelligetis,
750 564 862 624 vobisque
874 564 1045 624 persuadeatis

297 639 346 687 Gn.
358 639 575 689 xxxvlr.-12.
594 642 650 686 His
670 641 807 695 lacrimis.
842 640 889 687 See
906 649 962 688 note
974 657 1005 689 on
1016 658 1038 703 p.
1051 641 1105 699 1³6,
1116 644 1165 692 line
1180 644 1220 692 13

263 716 348 764 -Est
359 752 365 763 .
375 752 381 764 .
391 751 412 764 ..
424 719 508 765 animi
542 718 614 766 Klotz
622 719 672 766 and
683 717 767 779 Siipile
783 717 841 766 take
853 719 920 766 these
932 719 1010 766 words
1022 735 1049 766 ss
1059 736 1074 767 a
1086 722 1223 782 parenthe-

263 795 303 851 sis,
314 797 410 858 erasing
421 796 463 843 the
476 795 554 857 period
566 798 627 843 aiter
639 795 710 852 Milo,
722 795 769 843 aud
781 797 922 860 contiuuiug
932 795 977 844 sed
988 798 1111 855 exsilium,
1125 799 1174 846 dee.

300 874 353 918 13.
373 873 517 920 Exsilium
534 874 575 919 lbi
593 884 654 920 esse
668 872 756 930 putat,
776 874 873 935 ideoque
885 875 986 936 patriam
1003 889 1062 931 asse,
1075 876 1221 938 ubieunque

263 951 346 999 virtuti
357 951 472 999 loeussit.

301 1029 354 1075 14.
373 1028 493 1075 Mortem
505 1028 612 1075 naturae
628 1025 711 1073 tinem
729 1038 800 1075 esse.
834 1027 872 1075 cf.
883 1029 901 1075 4
912 1029 939 1076 in
957 1027 1013 1076 Get.
1024 1031 1049 1085 4,
1062 1029 1085 1086 7,
1097 1030 1147 1077 aud
1158 1036 1220 1079 note

263 1119 296 1152 ou
306 1120 329 1166 p.
340 1107 382 1161 40,
393 1106 441 1153 line
456 1105 496 1152 30.
531 1104 646 1162 Nature,
658 1107 672 1154 i.
683 1120 705 1153 e.
721 1106 862 1162 existentiae,
878 1120 952 1166 quam
969 1108 1041 1170 vulgo
1057 1112 1153 1164 vocant,
1164 1109 1219 1156 sive

265 1182 369 1230 vivendi.

299 1260 352 1304 16.
370 1259 426 1305 Sed
437 1258 495 1306 hie.
529 1258 585 1307 The
602 1260 703 1323 reading
715 1262 735 1308 is
750 1261 809 1308 here
826 1260 928 1308 various
962 1248 1064 1324 Madvig
1079 1261 1125 1308 has
1141 1263 1218 1326 given

262 1335 317 1383 that
327 1337 354 1383 oi
365 1334 443 1382 Godd.
456 1335 514 1397 Ers.
523 1338 570 1384 and
584 1337 685 1390 Bauer..
699 1339 758 1386 with
771 1353 786 1385 a
797 1339 856 1385 little
867 1338 995 1385 differenoe
1006 1340 1034 1385 of
1046 1341 1215 1400 punctuation,

262 1411 303 1461 He
315 1413 437 1461 remarks:
454 1413 562 1462 Verbum
580 1416 611 1463 ad
627 1416 773 1476 superiorem
792 1422 887 1476 partem
905 1418 1034 1464 assumitur
1045 1432 1075 1463 ex
1093 1418 1171 1464 altera
1187 1423 1216 1465 et

262 1493 381 1538 contraria
393 1499 460 1553 parte
472 1494 608 1549 sententiae,
624 1493 733 1541 similiter
749 1494 898 1541 conformata
917 1493 1015 1554 (eritis).
1048 1492 1104 1542 Neo
1121 1495 1216 1543 haerere

262 1568 385 1624 debemus,
395 1570 457 1630 quod
469 1586 498 1617 ex
515 1571 597 1618 futuro
610 1586 714 1633 presens
724 1572 833 1626 sumitur,
844 1570 951 1618 similiter
962 1576 1033 1632 atque
1053 1570 1082 1618 de
1095 1570 1177 1635 Legg.
1190 1575 1215 1629 1,

262 1646 287 1702 5,
301 1647 330 1695 17
339 1664 345 1693 :
362 1663 416 1710 quie
425 1649 483 1709 (res)
497 1648 618 1711 quondam
630 1665 645 1695 a
654 1648 741 1695 multis
752 1647 828 1695 elaris
839 1649 901 1695 uiris
909 1649 1098 1709 (sustinebatur),
1108 1666 1173 1697 nune
1183 1649 1215 1697 ab

262 1739 311 1771 uuo
328 1740 423 1772 summo
441 1729 590 1774 auctoritate
606 1732 630 1774 et
648 1726 753 1773 seientia
769 1727 916 1772 sustinetur.
950 1724 1028 1773 Other
1044 1728 1156 1790 readings
1173 1743 1215 1776 are

263 1799 316 1848 Sed
327 1801 367 1850 irie
376 1818 404 1850 ea
411 1811 489 1850 mente
500 1812 575 1852 natur
584 1811 621 1852 est
630 1804 678 1851 end
688 1809 792 1850 ornatus
801 1809 845 1850 ert.
880 1802 966 1852 Klotz:
984 1802 1028 1851 Sit
1039 1803 1215 1864 trecentenis,

262 1887 397 1941 quonotus
408 1889 453 1929 est.
489 1881 569 1941 Quid,
582 1881 629 1930 dec.

299 1958 351 2003 10.
371 1959 535 2005 Memoriam
552 1959 677 2004 Milonis·
713 1958 832 2019 Compare
849 1957 1015 2016 ch.38‚104,
1032 1961 1111 2007 animi
1127 1974 1215 2009 moou-

262 2041 352 2082 sunta.

297 2114 351 2160 18.
371 2115 433 2167 Qui
452 2115 620 2170 procreavit.
654 2114 702 2162 See
718 2120 775 2163 note
792 2130 823 2163 on
839 2130 862 2176 p.
876 2115 931 2172 133,
948 2116 997 2163 line
1010 2115 1047 2163 1³.
1082 2114 1144 2165 Milo
1161 2131 1215 2166 was

261 2188 318 2237 born
331 2191 355 2237 in
367 2189 511 2239 Lanuvium.
545 2191 615 2240 Exile
626 2193 746 2241 extended
757 2199 782 2240 to
794 2194 825 2240 all
838 2192 910 2255 Italy.

295 2268 349 2314 21.
368 2268 559 2326 Centuriones,
579 2271 827 2327 vosque‚m111tes.
869 2271 916 2319 See
936 2272 974 2319 ch.
994 2273 1014 2320 1.
1047 2270 1103 2320 The
1122 2273 1214 2337 guarda

260 2359 324 2392 were
337 2346 359 2392 iu
371 2346 475 2409 hearing
486 2348 513 2393 oi
522 2346 614 2395 Cieeru

295 2424 349 2469 23.
369 2424 548 2480 Expelletur‚
560 2425 804 2482 exterminabitur,
821 2426 1007 2482 projicieturt
1041 2416 1170 2476 Demosth.
1187 2430 1213 2478 in
1260 2492 1262 2495 Ι

261 2498 364 2563 Aristog.
381 2500 840 2560 ἒξορίσαι,ρ1ι1αιέκτῆςπόλεις,ἀνιλεῒν.
874 2503 923 2550 Sed
939 2506 1035 2567 gravius
1052 2505 1138 2554 Cicero
1151 2522 1212 2570 pro·

254 2577 369 2637 jicietur,
381 2585 498 2639 tanquam
510 2593 547 2624 res
558 2582 688 2624 contemta.
717 2577 762 2626 Est
774 2586 856 2628 autem
869 2582 908 2629 hie
920 2585 1073 2646 congregatio
1085 2585 1213 2635 verborum

260 2652 324 2699 idem
336 2655 385 2701 fere
396 2654 592 2718 significantium,
603 2655 633 2701 de
650 2670 698 2716 qua
715 2654 829 2712 Quinctii
842 2659 866 2715 9,
881 2658 906 2716 3,
922 2661 963 2715 45,
980 2675 1033 2721 quae
1053 2662 1077 2709 h.
1088 2663 1103 2710 1.
1120 2663 1212 2712 indicat

260 2732 378 2785 animum,
387 2733 557 2792 quodverbum
569 2735 601 2780 rei
615 2735 892 2784 accommodatissimum
909 2743 934 2784 et
951 2739 1117 2801 gravissimum
1134 2742 1174 2796 sit,
1186 2743 1211 2790 iu

260 2806 347 2854 affectu
365 2810 533 2871 ambigentem.
567 2808 612 2857 Est
631 2818 714 2858 autem
734 2813 887 2877 interrogatio
904 2814 1054 2864 detestantis.
1087 2817 1210 2880 Compare

259 2890 315 2931 note
326 2900 357 2931 ou
370 2900 392 2945 p.
406 2884 444 2941 19,
456 2886 503 2932 line
515 2887 537 2933 5.

293 2963 347 3009 24.
366 2964 391 3007 0
402 2975 445 3009 me
457 2964 600 3010 miserum.
636 2964 674 3011 ci.
687 2963 803 3020 Quinctil.
816 2967 840 3024 6,
853 2971 876 3026 1,
888 2969 930 3017 24.

293 3041 347 3088 26.
365 3040 509 3087 Retinere·
544 3041 635 3089 Whioh
647 3043 732 3090 should
744 3045 773 3093 be
785 3048 861 3093 essier
871 3049 931 3095 than
942 3064 1062 3097 reuocare.

293 3120 348 3166 21.
367 3120 482 3165 Liberis
502 3120 583 3167 mels.
628 3119 730 3168 Marcus
754 3123 803 3170 and
822 3123 1077 3174 Tullia-Parentum
1097 3127 1209 3177 alterum

258 3193 295 3241 As
307 3197 379 3258 being
390 3198 431 3244 the
442 3204 543 3245 restorer
553 3199 580 3245 os
587 3199 650 3245 their
661 3198 718 3246 first

293 3273 348 3319 28.
368 3274 430 3327 (aui
442 3285 515 3320 nune
526 3277 601 3321 abes·
626 3277 707 3324 Schol.
719 3275 792 3325 Boh:
809 3277 1014 3340 Opportunissime
1026 3283 1147 3330 lortrmam
1159 3281 1209 3331 Mi·

257 3349 318 3397 lonis
328 3363 370 3409 per
380 3356 456 3397 totam
465 3351 563 3400 domurn
574 3368 645 3401 suam
658 3355 823 3417 familiamque
835 3360 1006 3414 communicat,
1023 3365 1051 3406 ut
1062 3366 1209 3423 congregata

257 3439 299 3486 per
309 3426 397 3471 multos
408 3428 528 3474 miseratio
540 3432 617 3493 magis
628 3440 780 3479 commoveat
797 3433 906 3482 affectus.
940 3434 1025 3483 Frater
1037 3443 1119 3484 autern
1136 3435 1209 3484 Clea-

256 3504 319 3551 rouis
331 3500 362 3558 Q,
375 3501 470 3550 Tullius
482 3505 601 3568 legatione
614 3513 672 3556 tune
685 3511 709 3556 iu
722 3509 803 3558 Gellia
820 3513 884 3573 apud
895 3515 1027 3561 exercitum
1038 3513 1140 3561 (linearis
1151 3515 1208 3562 iun·

257 3580 521 3644 gebatur-Commii.
557 3581 687 3631 Consortes
698 3583 797 3646 fratres
815 3604 855 3635 are
872 3592 980 3652 properly
993 3591 1060 3637 those
1072 3591 1126 3638 who
1143 3592 1208 3639 have

256 3665 299 3706 uot
307 3666 349 3719 yet
361 3659 453 3707 divided
466 3676 481 3707 a
493 3675 604 3706 common
617 3663 781 3724 inberitan003
799 3668 853 3714 who
865 3667 912 3714 live
923 3669 947 3714 in
960 3669 1110 3730 cornmunity
1119 3668 1145 3715 os
1153 3682 1208 3729 pro·

255 3741 331 3796 party.
357 3735 458 3783 Festus:
475 3735 531 3783 Sors
542 3744 566 3784 et
578 3739 745 3797 patrimonium
756 3743 885 3804 siguificat,
894 3745 958 3792 unde
967 3753 1088 3793 consortes
1097 3746 1207 3794 dicimus.

255 3809 308 3857 Cie.
323 3809 391 3859 Vm.
401 3813 427 3870 3,
437 3813 478 3870 23,
489 3814 536 3864 57:
553 3820 605 3863 tres
610 3813 711 3875 srutres
726 3826 856 3869 essuries.
890 3819 1055 3885 Figurutirely
1066 3837 1164 3872 centon
1176 3843 1206 3869 =
