2742 4384
409 305 469 347 nno
483 307 511 353 e
525 304 654 358 neimo,
668 308 737 349 ose.
752 308 791 358 rr,
806 309 857 349 rm
1118 292 1157 355 tt

185 432 238 493 VI.
283 435 332 494 17.
355 436 406 494 Ae
420 436 531 513 primus
544 436 681 495 aditnset
695 438 848 515 postulatio
861 438 1017 497 Tuberonis
1030 440 1105 510 hiso,

147 529 179 648 (qt
186 515 301 650 lqiqijuor,
311 515 397 651 fugi
411 515 485 651 vellq
499 534 529 573 se
547 516 584 606 de
605 516 640 651 ΩΙ.
661 517 767 653 Ligdaqi
780 517 1005 654 seelllelreaqiioere
1043 520 1109 578 Non

167 612 186 649 u
245 614 341 659 ,mn
398 613 690 659 rurraussis,veu
764 615 876 654 eno
926 616 945 654 o
1041 617 1108 657 uam

147 671 190 728 vel
210 614 290 749 qnodl
361 673 415 750 qui
433 673 463 730 in
479 672 579 730 eadem
593 614 678 732 cauda
698 674 807 743 suisset,
822 675 866 733 rel
889 616 1107 752 quididluiqnori

148 750 257 809 seeleris
281 771 300 808 a
323 760 414 809 erret.
471 752 570 810 Scelus
595 759 628 810 tu
649 753 721 811 illud
745 772 838 821 voeas,
863 753 1000 812 Tubero?
1031 758 1135 816 eur‘lt

147 829 205 886 Isto
228 832 305 888 enim
329 831 451 889 nomine
474 830 521 888 illa
544 831 639 889 adhue
660 850 748 890 eausa
766 833 863 891 caruit
904 833 961 891 Alii
984 852 1107 893 errorem

147 910 308 1001 appellatum
338 910 390 967 alii
415 910 562 978 timorem
590 910 638 989 qui
662 910 770 978 durius,
794 930 884 988 spem,
910 912 1105 989 cupiditatem,

147 989 248 1056 odium,
273 990 484 1067 pertinaciam
512 989 561 1067 qui
575 989 758 1125 gravissime,
780 991 984 1048 temeritatem:
1013 992 1106 1050 scelus

35 1094 39 1102 ·
146 1076 248 1143 praeter
268 1079 298 1125 te
320 1069 424 1126 edhuo
443 1087 534 1126 nemo.
606 1088 622 1126 o
643 1069 710 1126 mihi
724 1069 847 1145 quidem,
871 1070 896 1128 si
917 1071 1062 1148 proprium
1076 1080 1106 1129 et

146 1165 241 1204 rerum
254 1167 365 1206 nomen
378 1147 470 1204 nostri
483 1147 547 1204 muli
556 1148 701 1223 quaeritur,
710 1148 804 1205 fatalis
818 1149 949 1225 quiedam
959 1150 1105 1208 calamitas
1118 1153 1155 1207 10

146 1225 273 1284 incidisse
293 1227 417 1284 videtur
440 1233 470 1283 et
490 1225 662 1303 improvidas
685 1227 832 1284 hominnm
853 1236 962 1285 mentes
984 1247 1105 1308 oocupa-

145 1304 231 1372 visse3
252 1314 287 1364 ut
307 1324 400 1363 nemo
413 1304 508 1362 mirari
531 1305 636 1363 debeat
658 1306 783 1363 humana
807 1306 923 1364 consilia
942 1307 1037 1364 divina
1057 1326 1105 1366 ne·

146 1386 273 1442 cessitate
295 1403 366 1442 esse
391 1392 534 1460 superata
579 1390 625 1442 18.
646 1384 746 1442 Lieeat
768 1403 831 1443 esse
851 1386 985 1453 miseros;
1006 1405 1104 1463 quam·

145 1481 226 1539 quam
245 1465 303 1522 hoo
319 1465 435 1521 victore
449 1482 511 1520 esse
527 1482 585 1520 non
607 1481 776 1540 possumus:
798 1464 850 1522 sed
871 1483 928 1521 non
948 1464 1049 1542 loquor
1068 1466 1105 1525 de

145 1543 236 1611 nobis;
257 1545 298 1601 de
319 1543 379 1600 illis
393 1542 503 1618 loquor,
518 1542 566 1618 qui
579 1542 751 1600 oeciderunt
793 1542 909 1600 Fuerint
923 1544 1028 1621 cupidi,
1044 1545 1103 1603 lue·
1117 1550 1153 1605 lu

145 1621 196 1679 rint
214 1624 289 1690 irati,
313 1621 425 1680 fuerint
445 1622 618 1696 pertinaces:
640 1621 754 1679 sceleris
768 1640 835 1679 vero
848 1622 970 1689 erimine,
992 1623 1103 1692 suroris,

145 1703 281 1777 parrinidii
311 1702 403 1759 lioeat
431 1700 483 1757 Cn.
504 1700 644 1778 Pompeio
664 1710 788 1767 mortuo,
817 1701 900 1759 lioeat
920 1701 1017 1759 multis
1043 1704 1104 1762 aliis

145 1799 242 1840 ourere.
288 1779 420 1850 Quando
433 1778 488 1836 hoo
509 1778 658 1856 quisquam
671 1798 707 1836 ex
728 1788 765 1845 te,
781 1779 885 1846 Caesar,
903 1780 1033 1838 audivit?
1054 1792 1105 1840 aut

144 1865 190 1915 tna
202 1861 275 1938 quid
291 1859 374 1917 eliud
399 1876 478 1915 arma
490 1859 641 1916 noluemut
653 1858 707 1916 nisi
731 1877 749 1915 a
769 1866 798 1915 te
819 1859 1018 1917 contumeliam
1039 1878 1103 1936 pro

143 1939 280 2015 pulsare?
303 1937 377 2017 quid
391 1937 451 2027 egit
466 1944 532 1994 tuus
544 1937 591 1995 ille
605 1937 725 1994 invictus
739 1939 887 2005 exereitus,
903 1938 955 1995 nisi
973 1946 1006 1995 ut
1019 1958 1103 1997 suum
1114 1942 1153 1995 20

141 2018 186 2094 jus
199 2027 338 2077 tueretur
353 2024 384 2074 et
397 2016 564 2094 dignitatem
578 2017 679 2073 tuam?
722 2016 820 2086 Quid?
841 2026 883 2085 tu,
898 2036 987 2095 quum
1004 2036 1102 2094 paoem

141 2116 200 2155 esse
213 2098 368 2174 cupiebas,
378 2096 444 2154 idne
458 2095 573 2173 agebas,
588 2103 621 2152 ut
635 2094 685 2154 tibi
700 2114 766 2152 oum
780 2096 932 2162 sceleratis,
942 2115 977 2153 an
992 2104 1025 2154 ut
1035 2117 1101 2154 oum

114 2234 117 2245 ,
141 2177 219 2235 bonis
243 2177 359 2234 nivibus
380 2175 563 2232 conveniret?
611 2180 656 2233 19.
688 2174 757 2231 Mihi
777 2193 852 2242 vero,
874 2175 980 2242 Caesar,
1000 2185 1050 2233 tua
1073 2176 1102 2234 in

90 2260 94 2271 ’
140 2274 183 2313 me
204 2257 340 2314 maxima
363 2253 465 2311 merita
488 2259 568 2310 tanta
592 2262 668 2311 oerte
692 2272 747 2310 non
768 2253 938 2320 viderentur,
953 2255 976 2312 si
1000 2274 1045 2313 me
1069 2263 1102 2312 ut

140 2337 318 2394 sceleratum
339 2353 357 2389 a
381 2341 411 2389 te
432 2342 629 2389 conservatum
653 2341 793 2409 putarem.
835 2333 985 2402 Quomodo
1006 2339 1150 2393 autemut

140 2415 224 2472 tude
241 2433 275 2471 re
299 2413 414 2490 publiea
437 2411 509 2468 bene
530 2411 647 2468 meritus
661 2429 747 2478 esses,
770 2430 859 2487 quum
883 2422 926 2470 tot
950 2413 1101 2470 sceleratos

141 2492 279 2551 ineolumi
303 2491 444 2570 dignitate
465 2508 527 2547 esse
550 2490 710 2548 voluisses?
754 2489 948 2548 secessionem
971 2500 1003 2548 tu
1023 2492 1100 2550 illam

141 2572 348 2637 existimavisti,
361 2571 470 2635 Oaeser,
480 2569 564 2636 initio,
574 2588 629 2625 non
644 2569 765 2636 bellum
780 2588 871 2646 neque
882 2570 982 2627 hostile
993 2571 1098 2639 odium,

141 2652 193 2709 sed
220 2651 303 2708 civile
325 2649 491 2714 dissidium
518 2649 645 2726 utrisque
669 2647 847 2725 cupientibus
873 2668 932 2706 rem
957 2651 1099 2727 publicam

142 2732 262 2796 salvam,
292 2730 344 2787 sed
373 2729 477 2806 partim
503 2728 631 2794 oonsiliis,
660 2727 764 2806 partim
791 2728 890 2785 studiis
917 2747 935 2785 a
958 2729 1099 2786 communi
1111 2734 1149 2786 30

142 2810 268 2866 utilitate
288 2808 495 2867 aberrantibus.
536 2807 699 2884 Principum
719 2806 842 2885 dignitas
856 2814 917 2864 erat
937 2825 1018 2883 paene
1032 2827 1098 2885 par;

142 2907 199 2945 non
214 2907 269 2965 par
283 2888 406 2946 fortasse
421 2904 528 2952 eorum,
540 2885 588 2962 qui
601 2886 808 2962 sequebantur:
830 2904 916 2943 causa
931 2896 992 2943 tum
1003 2886 1098 2954 dubia,

144 2968 220 3044 quod
236 2975 300 3024 erat
321 2965 428 3042 aliquid
451 2964 480 3021 in
494 2973 615 3042 utraque
639 2975 730 3041 parte,
745 2964 823 3040 quod
847 2965 960 3041 probari
984 2975 1097 3042 posset:

144 3065 216 3104 nuno
231 3047 336 3103 melior
347 3064 382 3102 eu
404 3043 560 3122 judicanda
580 3053 632 3111 ost,
648 3062 733 3119 quam
754 3043 839 3100 etiam
857 3042 895 3100 dii
918 3043 1097 3121 adjuverunt.

147 3124 269 3203 Cognita
283 3143 352 3182 vero
365 3122 515 3181 clementia
528 3131 587 3189 tua,
601 3122 664 3199 quis
677 3140 733 3179 non
747 3141 811 3179 eam
825 3121 970 3179 victoriam
987 3120 1147 3200 probet,‘85

146 3202 172 3261 in
184 3223 241 3280 qua
256 3204 395 3262 oooiderit
408 3220 493 3259 nemo
506 3201 559 3258 nisi
572 3201 721 3258 armatus?

182 3284 251 3341 VII.
285 3290 334 3340 20,
356 3282 424 3349 Sed,
436 3287 471 3337 ut
483 3280 613 3338 omittam
627 3298 804 3337 communem
818 3297 942 3347 eaumm,
953 3279 1099 3337 veniamus

146 3361 180 3417 od
193 3372 333 3429 nostram,
348 3370 447 3419 utrum
461 3358 578 3416 tandem
591 3359 733 3416 existimas
746 3358 855 3416 facilius
868 3358 964 3426 fuisse,
976 3358 1096 3425 Tubero,

145 3439 288 3520 Ligarium
310 3460 348 3498 ex
361 3438 462 3496 Africa
481 3437 565 3505 exire,
587 3456 624 3494 an
637 3456 688 3495 vos
708 3437 737 3495 in
756 3436 885 3494 Africam
905 3456 962 3494 non
980 3437 1097 3495 venire?

144 3518 360 3586 Poteramusne,
386 3517 504 3594 inquies,
529 3535 618 3594 quum
641 3524 757 3574 senatus
781 3515 958 3573 censuisset?
999 3516 1030 3573 Si
1054 3520 1148 3575 meld

144 3600 271 3666 consulis,
287 3599 370 3656 nullo
390 3596 486 3653 modo.
529 3595 588 3653 Sed
612 3604 709 3652 tamen
729 3594 873 3673 Ligarium
888 3602 1003 3652 senatus
1023 3593 1098 3650 idem

142 3676 295 3756 legaverat.
350 3679 452 3753 Atque
475 3674 521 3732 ille
549 3693 584 3732 eo
607 3681 736 3752 tempore
759 3673 861 3750 paruit,
887 3692 975 3750 quum
998 3690 1099 3749 parere

141 3759 247 3815 senatui
262 3775 384 3815 neeesse
398 3761 477 3812 erat:
497 3773 549 3810 vos
563 3761 631 3810 tuno
645 3753 786 3830 paruistis,
797 3770 885 3828 quum
899 3751 993 3828 paruit
1006 3767 1097 3816 nemo,

140 3838 185 3914 qui
197 3837 301 3897 noluit.
340 3832 534 3912 Reprehendo
547 3831 656 3910 igitur?
691 3831 805 3890 Minime
815 3847 899 3887 vero:
920 3826 1100 3905 nequeenim
