2742 4384
439 297 499 338 rao
512 298 540 344 c
554 297 683 347 nomo,
700 296 768 338 oar.
783 296 823 339 rr.
1116 282 1154 345 77

149 448 206 498 me,
219 447 311 506 quum
335 427 397 506 ipsa
417 426 621 505 imperatorin
640 434 703 486 toto
726 425 845 505 imperio
867 428 964 506 populi
985 428 1106 487 Romani

150 528 223 565 unns
247 514 333 574 esset,
355 526 418 564 esse
438 507 560 565 alterum
583 524 684 584 passus
704 516 764 564 est:
789 525 808 563 a
830 526 894 583 quo,
919 509 972 565 boc
992 508 1056 586 ipso
1070 510 1103 567 0.

150 588 244 644 Pausa
257 587 328 643 mihi
347 586 423 643 hunc
437 586 568 643 nuntium
588 585 756 663 perferente,
772 604 919 644 concessos
933 587 1024 645 fasces
1045 586 1104 645 lau·

150 674 243 724 reatos
257 665 346 731 tenui,
361 664 456 740 quoad
470 663 608 722 tenendos
624 664 741 740 putavi:
763 664 813 740 qni
826 665 893 721 milii
907 675 968 723 tum
982 666 1104 743 deumne

149 764 180 802 se
193 745 319 801 salutem
340 742 452 820 putarit
471 742 600 810 reddere,
621 742 644 800 si
663 761 728 800 eam
747 743 831 800 nullis
854 743 1004 821 spoliatam
1021 757 1133 810 ornat

149 824 253 880 mentis
274 822 408 880 dedisset.
451 828 479 880 8.
500 821 582 888 Vide,
597 839 703 899 qnaeso,
718 820 839 890 Tubero,
859 831 901 891 ut,
916 824 964 900 qui
987 823 1025 881 de
1038 842 1103 883 meo

148 902 225 959 lacto
240 920 298 958 nou
312 900 451 966 dubitem,
466 900 504 959 de
523 899 626 978 Ligarii
638 899 760 958 audeam
780 900 881 961 dicere.
921 904 1021 980 Atque
1041 902 1103 962 haeo

151 989 307 1057 propterea
320 979 418 1036 deme
431 979 499 1047 dixi,
520 987 554 1036 nt
566 979 634 1037 mihi
647 978 768 1045 Tubero,
783 998 873 1070 quum
892 980 929 1038 de
949 1000 981 1039 se
1001 981 1102 1039 ιιιάοιιι

149 1060 283 1125 dicerem,
307 1058 483 1136 ignosceret;
504 1057 586 1134 cujus
599 1076 654 1136 ego
677 1057 824 1115 industriae
843 1059 1000 1136 gloriaque
1019 1060 1102 1117 faveo

148 1138 194 1195 vel
230 1144 329 1214 ropter
342 1136 531 1213 propinquam
544 1137 749 1214 cognationem,
763 1136 808 1194 vel
822 1138 900 1214 quod
914 1138 976 1216 ejus
990 1139 1151 1229 ingeniolo

113 1280 117 1283 ,
149 1157 308 1292 studiisque
322 1200 457 1282 delectoi,
471 1215 517 1272 vel
529 1215 607 1292 quod
621 1215 736 1273 laudem
749 1215 934 1275 adolescentis
951 1219 1101 1295 proprnqni

148 1295 279 1353 existimo
293 1293 430 1351 etiamad
454 1313 550 1351 meum
573 1294 696 1371 aliquem
718 1294 843 1351 fructum
864 1295 1031 1355 mdundare.
1073 1304 1100 1355 9.

149 1374 207 1431 Sed
223 1375 279 1431 hoc
299 1391 414 1449 quaero:
435 1373 501 1449 quis
521 1380 605 1449 putat
624 1391 687 1430 esse
702 1372 805 1430 crimen
825 1374 912 1432 fuisse
935 1374 963 1432 in
978 1375 1100 1433 Africa?

148 1453 263 1530 Nempe
276 1453 309 1519 is,
323 1453 415 1529 quiet
434 1452 496 1528 ipse
509 1451 538 1508 in
551 1452 651 1509 eadem
664 1451 764 1509 Africa
777 1470 839 1510 esse
853 1454 942 1511 voluit
955 1463 985 1512 et
1006 1454 1100 1532 prohi-

148 1532 241 1590 bitum
255 1550 287 1588 se
299 1550 317 1588 a
330 1531 445 1610 ligurio
458 1530 592 1607 queritur,
604 1539 633 1588 et
647 1537 724 1589 certe
738 1540 837 1588 contra
849 1531 943 1609 ipsum
957 1533 1099 1591 Cesaram
1113 1543 1149 1599 15

149 1619 193 1668 est
220 1629 390 1688 congressus
417 1616 552 1667 armatus.
601 1609 676 1678 Quid
701 1608 783 1677 enim,
811 1609 932 1680 Tubero,
960 1620 1028 1670 tuus
1054 1612 1100 1670 ille

148 1689 302 1746 destrictus
325 1689 354 1746 iu
374 1687 435 1746 acie
454 1687 618 1746 Pharsalica
640 1687 753 1765 gladius
771 1689 900 1766 agebat?
920 1691 1003 1768 cujus
1025 1691 1100 1749 latus

147 1767 194 1825 ille
207 1787 307 1825 mucro
321 1767 462 1845 petebat?
483 1766 531 1843 qui
540 1785 638 1825 sensus
648 1775 711 1824 erat
723 1785 866 1825 armornm
876 1771 1014 1827 tuorum?
1035 1788 1100 1846 que

148 1854 198 1903 tua
211 1865 301 1913 mens,
316 1847 399 1913 oculi,
414 1863 523 1912 manus,
538 1845 622 1903 ardor
639 1845 747 1903 animi?
768 1845 837 1922 quid
851 1847 1010 1925 cupiebas?
1031 1847 1100 1924 quid

147 1926 293 2002 optabas?
335 1924 428 1982 Nimis
451 1943 557 2002 urgeo;
588 1924 760 1983 commoveri
782 1924 895 1984 videtur
917 1926 1098 1984 adolescens:
1111 1936 1150 1990 20

146 2003 184 2061 ad
198 2023 246 2061 me
258 2011 403 2070 revertar;
423 2002 525 2060 iisdem
538 2004 664 2061 inarmis
677 2003 727 2061 fui.

187 2083 241 2141 IV.
278 2089 322 2140 10.
345 2081 422 2152 Quid
436 2088 532 2138 autem
546 2083 622 2140 aliud
637 2082 755 2161 egimus,
769 2082 890 2151 Tubero,
901 2083 954 2141 nisi
967 2092 1008 2151 ut,
1022 2084 1101 2163 quod

145 2161 191 2220 hic
206 2169 312 2239 potest,
322 2180 375 2219 nos
389 2161 557 2238 possemus?
579 2162 706 2231 Quorum
720 2162 807 2239 igitur
816 2163 977 2240 impunitas,
991 2164 1099 2231 Gaesar,

145 2248 205 2298 tuae
226 2241 386 2298 clementiae
399 2241 463 2298 laus
477 2246 528 2307 est,
547 2259 644 2297 eorum
665 2240 791 2317 ipsorum
805 2241 843 2298 ad
857 2242 1052 2300 crudelitatem
1071 2252 1100 2300 te

146 2326 230 2376 acuet
243 2320 357 2376 oratio?
398 2320 498 2394 Atque
522 2318 550 2375 in
569 2319 624 2377 hac
639 2338 725 2377 cansa
737 2320 862 2377 nonnihil
882 2322 1022 2398 equidem,
1043 2321 1098 2378 Tu·
1110 2332 1147 2387 25

146 2398 222 2466 bero,
238 2398 327 2455 etiam
350 2404 439 2463 tuam,
454 2397 505 2454 sed
528 2398 619 2456 multo
633 2398 724 2476 magis
748 2399 836 2475 patris
857 2400 898 2457 tui
919 2400 1100 2477 prudentiam

147 2477 295 2543 desider03
317 2477 395 2553 quod
418 2476 505 2533 homo
524 2495 613 2553 quum
636 2477 756 2555 iugenio,
778 2486 840 2534 tum
862 2479 947 2536 etiam
971 2479 1100 2537 doctrina

147 2556 288 2612 excellens
301 2574 393 2633 genus
413 2554 468 2612 hoc
482 2574 575 2614 causae
590 2556 668 2632 quod
682 2564 766 2622 esset,
781 2574 837 2613 non
850 2557 965 2615 viderit:
987 2577 1060 2626 nam,
1075 2559 1099 2616 si

147 2633 271 2701 vidisset,
287 2634 386 2710 quovis
401 2633 530 2711 proiecto
543 2653 628 2711 quam
647 2635 702 2692 isto
716 2635 829 2692 modoa
843 2643 873 2693 te
886 2636 933 2714 agi
943 2638 1096 2696 maluisset.

147 2713 256 2790 Arguis
269 2714 427 2778 fatentem
451 2731 507 2769 non
520 2723 564 2771 est
588 2714 671 2771 satis:
694 2732 812 2771 accusas
825 2733 899 2781 eum,
914 2716 962 2792 qui
983 2735 1098 2774 causam
1108 2727 1146 2781 30

147 2791 235 2849 habet
249 2798 310 2859 aut,
323 2799 357 2848 ut
380 2809 436 2868 ego
456 2790 528 2858 dico,
542 2793 687 2850 meliorem
700 2811 788 2870 quam
802 2801 852 2849 tu:
873 2801 932 2860 aut,
948 2802 981 2853 ut
1000 2806 1033 2852 tu
1047 2796 1097 2864 vis,

147 2888 253 2945 parem.
309 2875 354 2928 11.
386 2869 459 2927 Haec
486 2870 675 2929 admirabilia:
710 2870 761 2928 sed
786 2872 907 2951 prodigii
932 2873 1020 2932 simile
1044 2883 1096 2942 est,

147 2949 223 3024 quod
248 2948 350 3006 dicam.
399 2949 466 3006 Nou
486 2949 573 3007 habet
597 2968 660 3007 eam
680 2950 737 3007 vim
760 2950 815 3007 ista
837 2952 1096 3021 accusatio,th

146 3026 277 3105 Ligurius
304 3027 515 3094 condemnetur,
541 3027 591 3086 sed
614 3036 650 3085 ut
675 3036 800 3086 necetur.
852 3029 916 3088 Hoc
944 3032 1003 3109 egit
1030 3031 1098 3089 civis

146 3105 293 3162 Romanam
316 3114 382 3164 aute
402 3112 432 3163 te
446 3124 536 3163 nemo.
576 3107 693 3164 Exterui
712 3108 758 3164 isti
771 3127 864 3166 mores
878 3110 1018 3185 usquead
1033 3129 1096 3167 san·
1107 3122 1145 3176 35

146 3185 262 3262 guinem
282 3184 391 3242 incitari
409 3184 484 3250 odic,
498 3192 548 3242 aut
565 3186 669 3243 levium
690 3187 858 3244 Graecorum
871 3196 921 3245 aut
934 3189 1097 3246 immanium

145 3263 341 3321 barbarorum.
383 3263 461 3320 Nam
485 3264 553 3340 quid
577 3265 637 3356 agis
661 3265 764 3323 aliud‘l
793 3266 893 3324 Romae
918 3286 954 3324 ne
978 3267 1036 3324 sit‘?
1064 3275 1097 3325 ut

145 3340 231 3398 domo
256 3343 376 3400 careat‘.l
402 3360 439 3398 ne
460 3361 524 3399 cum
545 3343 658 3420 optimis
681 3344 825 3412 fratribus,
846 3363 883 3401 ne
904 3364 969 3402 cum
989 3346 1044 3403 hoc
1064 3347 1095 3404 Τ.

145 3418 284 3488 Broccho,
306 3420 456 3487 avunculo,
477 3438 514 3477 ne
534 3440 599 3478 cum
619 3422 681 3498 ejus
703 3423 769 3489 filio,
791 3423 958 3482 consobrino
979 3443 1040 3491 suo,
1060 3443 1097 3482 ne

143 3499 290 3556 nobiscum
305 3499 405 3556 vivat?
427 3517 463 3555 ne
477 3499 513 3556 sit
533 3499 562 3556 iu
575 3501 691 3577 patria?
731 3502 810 3558 Num
824 3502 891 3559 est‘l
912 3521 980 3559 num
1002 3512 1097 3579 potest
1105 3514 1144 3566 40

143 3577 234 3655 magis
249 3597 346 3635 carere
368 3578 413 3634 his
427 3578 566 3645 omnibus,
581 3597 666 3655 quam
681 3581 782 3637 caret‘l
824 3580 907 3637 Italia
921 3582 1094 3658 prohibetur,

142 3656 261 3714 exsulat.
303 3657 373 3715 Non
393 3664 427 3713 tu
441 3673 510 3733 ergo
529 3657 604 3714 hunc
619 3658 711 3734 patria
732 3658 849 3735 privare,
865 3677 922 3734 qua
942 3666 1028 3724 earet,
1044 3659 1095 3717 sed

141 3735 198 3794 vita
211 3736 263 3794 vis.
307 3742 353 3794 12.
376 3735 422 3792 At
445 3735 521 3792 istud
544 3754 580 3792 ne
600 3736 678 3813 apud
702 3756 768 3794 eum
782 3737 897 3813 quidem
918 3738 1094 3805 dictatorem,

138 3814 187 3894 qui
199 3833 309 3885 omnes,
324 3832 399 3893 qnos
413 3812 523 3882 oderat,
537 3816 791 3951 mortp*m1dtabat,
805 3815 956 3895 quisquam
968 3815 1027 3891 egit
1040 3815 1096 3874 isto
