2742 4384
377 340 436 382 rso
449 339 478 381 s.
493 340 605 382 monuo
619 340 741 393 seems,
756 340 823 384 our.
837 342 890 384 mr.
1098 330 1154 386 101

157 468 204 529 alii
216 469 348 529 trrlrunnt
360 470 536 547 tempestivis
550 470 690 538 conviviis,
701 478 839 547 quantum
851 470 972 548 denique
985 470 1103 541 alveolo,

158 558 298 625 quantum
313 550 387 626 pilae,
397 557 509 606 tantum
521 549 588 606 mihi
602 558 718 627 egomet
727 549 765 606 ad
779 550 840 607 htee
851 550 944 607 studia
954 551 1105 609 recolenda

157 645 221 684 sum
276 628 333 685 ro?
372 628 472 704 Atque
486 628 540 685 hoc
553 627 626 685 adeo
640 628 709 685 mihi
723 628 935 685 concedendum
945 636 990 686 est
1003 630 1103 708 megia,

157 725 196 782 qu
250 725 286 763 ex
306 706 351 763 his
364 706 465 763 studiis
479 707 543 763 haec
561 725 674 782 quoque
689 706 789 763 crescit
809 707 899 764 oratio
916 714 946 764 et
965 707 1103 775 iacrrltas3

157 802 231 918 pure,
246 793 466 862 quantacunque
480 792 524 841 est
538 785 566 841 in
580 803 634 850 me,
646 804 790 862 nunquam
804 786 958 842 amicorum
973 786 1103 862 periculis
1117 797 1134 848 t

177 862 257 920 eluit.
300 864 373 932 Quae
388 863 412 920 si
432 863 478 920 cui
497 863 584 920 levior
597 863 717 930 videtur,
738 863 786 920 illa
803 864 918 954 quidem
939 872 1024 930 certe,
1038 884 1103 941 quae

157 959 271 998 summa
284 950 359 1007 sunt,
374 960 409 998 ex
423 960 481 1018 quo
500 940 579 998 fonte
598 941 736 1009 hauriam,
750 950 848 1000 sentio.
892 948 936 999 14.
959 942 1035 1000 Nam
1052 944 1104 1001 nisi

157 1020 314 1077 multorum
329 1020 479 1097 preceptis
493 1020 646 1096 multisque
666 1020 753 1077 literis
767 1020 835 1077 milri
857 1020 894 1078 ab
914 1019 1104 1078 adolescentia

156 1099 309 1155 suasissem
333 1097 402 1155 nihil
421 1116 482 1155 esse
505 1098 534 1154 in
558 1097 616 1154 vite
638 1116 813 1175 magnopere
835 1098 1028 1175 expetendum
1052 1100 1103 1156 nisi

155 1174 273 1234 laudem
287 1185 373 1253 atque
387 1176 581 1243 honestatem3
601 1176 630 1233 in
644 1195 678 1234 ea
688 1186 784 1233 autem
799 1177 996 1254 persequenda
1005 1197 1103 1235 omnes
1117 1186 1155 1239 10

156 1256 300 1312 eruciatus
311 1255 444 1330 corporis,
456 1255 549 1311 omnis
563 1255 689 1331 pericula
702 1256 799 1312 mortis
813 1262 899 1331 atque
913 1256 1010 1313 exsilia
1024 1256 1103 1333 parvi

155 1351 218 1390 esse
240 1333 381 1399 ducenda
403 1352 548 1409 nunquam
571 1351 617 1390 me
641 1352 694 1410 pro
718 1334 810 1424 salute
833 1342 928 1390 vestra
950 1334 978 1390 in
1002 1342 1046 1391 tot
1069 1354 1102 1393 ac

156 1420 251 1468 tantas
272 1411 467 1468 dimicationes
484 1418 570 1487 etque
593 1411 622 1468 in
642 1412 695 1468 hos
719 1410 933 1490 proflrgatorum
957 1412 1102 1471 hominum

155 1490 336 1566 quotidianos
358 1490 482 1566 impetus
507 1490 682 1567 objecissem.
735 1489 794 1547 Sed
818 1490 892 1567 pleni
915 1498 982 1548 sunt
1005 1510 1102 1550 omnes

155 1567 228 1634 libri,
244 1569 338 1658 plenoe
351 1568 520 1645 sapientium
534 1586 626 1633 voces,
642 1569 727 1644 plena
747 1568 941 1645 exemplorum
955 1577 1101 1638 vetustas;
1117 1580 1153 1635 lt

240 1654 371 1723 jacerent
390 1645 418 1702 in
431 1647 554 1705 tenebris
568 1646 669 1713 omniu,
685 1646 737 1703 nisi
755 1647 899 1704 literarum
914 1648 1009 1705 lumen
1022 1667 1101 1707 acce-

155 1665 245 1782 ddfct.
289 1725 381 1794 Quam
395 1725 500 1782 multas
514 1724 595 1783 nobis
609 1724 746 1802 imagines
760 1744 815 1782 non
829 1725 921 1782 solum
935 1726 972 1782 ad
993 1727 1101 1784 intuen-

154 1802 234 1867 dum,
256 1822 356 1860 verum
381 1804 467 1861 etiam
490 1803 528 1861 ad
551 1803 718 1860 imitandum
743 1803 959 1861 fortissimorum
979 1805 1101 1862 virorum

154 1899 306 1958 expressas
319 1881 471 1957 scriptores
485 1891 515 1939 et
529 1882 624 1940 Graeci
638 1889 667 1938 et
681 1882 774 1939 Latini
787 1882 984 1956 reliquerunt?
1023 1883 1102 1950 Quies

154 1977 212 2037 ego
231 1961 303 2018 mihi
322 1978 436 2036 semper
458 1960 486 2016 in
505 1959 728 2017 administranda
750 1979 781 2018 re
802 1959 917 2036 publica
940 1978 1101 2037 proponens
1115 1970 1154 2024 20

153 2039 281 2096 animum
296 2046 326 2095 et
338 2046 463 2095 mentem
476 2057 570 2097 meam
587 2039 650 2116 ipsa
664 2039 835 2117 cogitatione
849 2037 995 2096 hominum
1008 2040 1100 2097 excel·

152 2116 273 2174 lentium
288 2117 507 2175 coniormabam.

114 2192 137 2207 ”
193 2195 264 2253 VIL
309 2202 354 2253 15.
376 2196 492 2264 Quaeret
503 2195 661 2273 quispiam:
684 2196 783 2264 Quid?
803 2195 865 2253 illii
886 2195 909 2253 si
923 2196 1025 2254 summi
1039 2197 1099 2265 viri,

152 2292 276 2349 qnorum
290 2273 410 2331 virtutes
423 2273 509 2331 literis
550 2274 651 2334 roditae
667 2282 742 2341 sunt,
761 2274 850 2331 istane
864 2215 999 2342 doctrina,
1014 2294 1100 2352 quam

151 2360 186 2409 tu
208 2352 294 2410 effers
313 2352 454 2427 laudibus,
475 2294 577 2410 eruditi
597 2353 736 2411 fuerunt?
786 2352 905 2411 Difficile
925 2362 969 2412 est
989 2355 1043 2411 hoc
1063 2354 1100 2410 de
1114 2363 1151 2419 25

152 2431 286 2489 omnibus
307 2430 487 2488 confirmare:
508 2431 559 2489 sed
582 2440 678 2490 tamen
696 2441 740 2488 est
764 2440 882 2499 certum,
896 2432 965 2509 quid
985 2450 1100 2508 respon·

152 2508 247 2566 deam.
294 2508 359 2599 Ego
378 2510 483 2567 multos
507 2509 635 2568 homines
655 2509 803 2567 excellenti
825 2511 919 2568 animo
940 2529 973 2568 ae
998 2510 1100 2569 virtute

151 2587 241 2644 luisse
260 2594 292 2644 ct
311 2605 371 2644 srne
390 2586 517 2645 doctrina
536 2596 646 2646 naturas
668 2588 756 2666 ipsius
776 2588 877 2646 habitu
897 2606 986 2666 prope
1006 2589 1100 2647 divino

153 2684 249 2742 perse
263 2666 341 2743 ipsos
355 2674 385 2723 et
398 2665 560 2724 moderatos
574 2674 603 2724 et
617 2685 719 2745 graves
733 2666 873 2724 exstitisse
885 2666 992 2724 fateor:
1013 2668 1099 2726 etiam

152 2744 223 2802 illud
237 2744 375 2821 adjungo,
390 2744 497 2821 saepius
516 2744 554 2802 ad
577 2745 692 2803 leudem
712 2753 798 2821 etque
813 2745 946 2803 virtutem
969 2754 1099 2803 naturam
1112 2754 1151 2807 30

153 2823 212 2880 sine
226 2822 356 2881 doctrina
369 2842 456 2900 quum
470 2822 529 2880 sine
545 2832 647 2881 natura
660 2823 781 2880 valuisse
795 2821 959 2882 doctrinam.
1000 2825 1099 2901 Atque

42 2944 47 2957 .
151 2901 229 2959 idem
252 2920 309 2979 ego
333 2901 387 2958 hoc
411 2901 560 2967 contendo,
586 2921 675 2977 quum
699 2901 737 2959 ad
762 2909 891 2958 naturum
915 2902 1045 2960 eximiam
1069 2910 1099 2961 et

151 2980 291 3037 illustrem
304 2979 455 3036 accesserit
468 2979 539 3037 ratio
552 2979 687 3056 quaedam
701 2979 940 3057 conformatioque
954 2980 1097 3048 doctrinm,

151 3070 213 3116 tum
234 3057 306 3116 illud
325 3058 421 3115 nescio
434 3058 502 3134 quid
523 3058 693 3134 praeelarum
706 3076 740 3115 ae
753 3057 896 3135 singulare
916 3058 1006 3116 solere
1027 3060 1097 3116 exsi-
1149 3124 1151 3127 v

151 3146 245 3203 stere;
269 3142 314 3194 16.
336 3154 372 3192 ex
396 3136 451 3194 hoc
473 3154 535 3193 esse
558 3136 634 3194 hunc
654 3154 780 3202 numero,
795 3155 880 3213 quem
896 3146 990 3214 putres
1011 3138 1149 3202 nostrisa

151 3215 292 3281 viderunt,
302 3213 429 3271 divinum
441 3215 591 3281 hominem,
602 3215 786 3281 Africanum
807 3233 843 3271 ex
856 3216 910 3273 hoo
925 3215 957 3273 O.
968 3215 1096 3282 Laelium,

151 3292 185 3350 11.
209 3294 337 3357 Furium,
362 3292 602 3350 moderatissimos
626 3293 753 3350 homines
776 3300 806 3350 et
829 3293 1097 3361 continentissimos;

150 3390 187 3429 ex
200 3372 255 3429 hoe
268 3371 455 3429 fortissimum
469 3372 559 3429 virum
573 3379 603 3428 et
625 3371 678 3429 illis
698 3371 875 3447 temporibus
893 3371 1096 3439 doctissimum,

150 3449 292 3507 Catonem
305 3450 386 3507 illum
396 3468 502 3516 senem,
513 3449 561 3526 qui
575 3451 711 3526 profecto,
721 3450 745 3507 si
758 3449 825 3507 nihil
835 3449 873 3507 ad
888 3451 1097 3528 percipiendam

150 3528 300 3585 solendum
322 3547 358 3586 ue
372 3527 507 3585 virtutem
526 3528 613 3585 literis
626 3528 836 3605 adjuvarentur,
851 3548 995 3605 nunquam
1014 3547 1045 3585 se
1059 3529 1096 3586 ad
1110 3537 1149 3590 40

149 3624 246 3664 earnm
326 3608 385 3663 'um
399 3606 591 3663 contulissent.
613 3606 697 3674 Quod
712 3606 735 3663 si
749 3625 804 3664 non
818 3606 864 3664 hic
877 3616 974 3665 tantus
987 3607 1096 3664 fruetus

148 3686 350 3743 ostenderetur
361 3692 392 3740 et
412 3684 435 3741 si
455 3702 490 3740 ex
504 3684 548 3741 his
567 3684 667 3741 studiis
688 3684 838 3742 delectatio
858 3686 919 3743 sola
942 3693 1094 3762 peteretur,

147 3772 252 3831 tamen,
267 3774 302 3821 ut
315 3764 424 3840 opinor,
441 3762 512 3820 hanc
526 3763 610 3820 animi
623 3762 636 3837 †
651 3763 845 3821 adversionem
864 3763 1096 3821 humanissimam

146 3860 182 3900 ac
194 3841 422 3902 liberalissimam
432 3840 604 3918 judicaretis.
626 3841 703 3953 Fam
717 3849 820 3901 ceteree
834 3859 926 3920 neque
933 3850 1095 3919 temporum
