2742 4384
203 320 240 374 86
679 330 787 415 carme

181 519 183 523 .
252 482 310 555 (ιιι
323 462 481 540 quaestione
502 461 583 519 dolor
596 461 697 519 elicere
711 479 809 517 veram
822 478 923 517 vocem
947 458 1038 538 possit
1057 458 1143 517 etiam
1166 459 1204 517 ab

251 542 356 600 invito:
378 548 493 599 exortus
508 549 552 598 est
571 560 678 606 servus,
694 540 743 616 qui
766 558 852 616 quem
872 539 901 596 in
914 540 1037 617 equuleo
1057 538 1203 616 appellare

252 641 309 679 non
323 628 428 698 posset,
444 639 509 677 eum
523 627 639 677 accuset
652 619 771 676 solutus.

293 701 333 757 ΙΙ.
375 704 402 756 4.
424 699 579 756 Perturbat
592 717 647 765 me,
670 698 703 754 O.
720 698 828 765 Caesar,
844 698 929 755 etiam
947 697 1018 754 illud
1041 696 1202 763 interdum;

225 778 347 870 tquod
344 786 449 845 tamen,
464 797 553 853 quum
567 783 597 834 te
618 777 731 854 penitus
739 778 906 867 recognovi,
921 776 1021 833 timere
1036 775 1149 833 desino:
1171 793 1202 832 re

252 858 327 915 enim
339 856 467 933 iniquum
481 863 534 924 est,
513 857 601 923 tsed
621 865 671 912 tua
685 855 822 932 sapientia
835 856 868 913 fit
881 855 1084 946 aequissimum.
1125 854 1203 910 Nam

252 937 346 995 dicere
360 936 440 1028 apud
452 954 518 993 eum
532 935 569 992 de
582 934 715 1000 facinore,
731 942 830 991 contra
850 935 933 1012 cujus
946 934 1033 992 vitam
1054 933 1202 993 consilium

252 1015 412 1073 facinoris
404 1015 488 1072 misse
501 1032 631 1092 arguare,
646 1013 670 1070 si
694 1031 746 1103 per
759 1032 790 1070 se
813 1012 908 1090 ipsum
928 1013 1098 1080 consideres,
1113 1031 1202 1089 grave

252 1102 312 1162 est;
333 1114 417 1152 nemo
432 1094 506 1152 enim
525 1094 585 1150 fere
599 1099 651 1159 est,
666 1092 715 1168 qui
729 1111 773 1149 sur
764 1092 903 1169 periculi
920 1092 1019 1170 judex,
1033 1111 1091 1149 non
1104 1091 1157 1148 sibi
1170 1110 1202 1148 se

205 1173 407 1250 loaequiorem
421 1192 507 1250 quam
521 1190 570 1229 reo
594 1172 732 1248 praebeat.
775 1171 834 1228 Sed
854 1178 913 1238 tua,
929 1172 1037 1238 Caesar,
1059 1179 1201 1248 praestans

251 1252 457 1343 singularisque
480 1258 583 1308 natura
602 1251 679 1308 hunc
693 1249 761 1307 mihi
781 1258 891 1307 metum
911 1250 1028 1317 minuit;
1049 1269 1105 1307 non
1126 1250 1201 1306 enim

250 1338 310 1388 tem
324 1331 419 1397 timeo,
434 1330 503 1407 quid
522 1336 557 1386 tu
575 1329 611 1387 de
625 1348 693 1407 rege
714 1329 857 1395 Deiotaro,
873 1348 960 1406 quam
979 1329 1119 1419 intelligo,
1131 1329 1201 1419 quid
1288 1384 1292 1389 .

250 1409 287 1466 de
307 1417 337 1466 te
357 1415 403 1466 cet
404 1428 466 1466 eros
479 1409 549 1465 velis
567 1408 705 1486 judicare
748 1417 774 1466 5
797 1408 914 1466 Moveor
932 1409 1018 1465 etiam
1037 1407 1119 1465 loci
1111 1408 1200 1498 1psius

250 1487 406 1555 insolentia,
427 1488 504 1564 quod
529 1495 639 1545 tantam
660 1506 785 1553 causam,
800 1494 907 1563 quanta
930 1488 1009 1544 nulla
1022 1506 1148 1577 unquam
1171 1486 1201 1543 in

205 1567 454 1644 15disoeptatione
478 1573 590 1624 versata
614 1574 666 1633 est,
690 1567 754 1623 dico
777 1565 851 1622 intra
874 1566 1044 1624 domesticos
1068 1566 1198 1643 parietes,

201 1649 205 1655 '
250 1645 314 1703 dico
328 1648 408 1702 extra
423 1653 592 1703 conventum
606 1653 636 1703 et
653 1664 716 1702 eam
730 1645 927 1721 frequentiam,
942 1646 971 1702 in
984 1664 1042 1722 qua
1055 1652 1199 1702 oratorum

250 1725 345 1782 studia
358 1724 408 1782 niti
421 1724 528 1782 solent:
550 1724 579 1781 in
599 1724 655 1782 tuis
669 1724 766 1790 oculis,
779 1724 810 1780 in
823 1732 875 1781 tuo
888 1743 936 1781 ore
950 1725 1089 1801 vultuque
1103 1723 1198 1800 acqui-

250 1822 316 1861 esco
328 1822 335 1871 ;
355 1811 385 1861 te
408 1823 498 1860 unum
521 1803 648 1870 intueor;
670 1804 708 1860 ad
731 1811 761 1859 te
784 1823 873 1861 unum
890 1803 981 1861 omnis
1000 1822 1065 1860 mea
1088 1809 1200 1879 spectat

250 1883 347 1940 oratic.
390 1883 462 1951 Quae
477 1882 546 1939 mihi
560 1882 597 1940 ad
614 1901 696 1959 spem
710 1881 872 1946 obtinendae
887 1882 1012 1939 veritatis
1032 1881 1199 1960 gravissima

203 1969 324 2029 aosunt,
340 1962 377 2018 ad
397 1967 507 2018 motum
521 1961 606 2018 animi
619 1969 649 2018 et
668 1961 706 2017 ad
727 1980 840 2018 omnem
853 1961 994 2038 impetum
1007 1960 1119 2018 dicendi
1132 1979 1198 2017 con·
1289 1974 1291 1983 ¹

249 2041 460 2132 ιιιιιιοιιιιιιιιιι
473 2040 586 2097 leviora.
629 2046 655 2097 6
677 2040 760 2097 Ηιιο
774 2040 857 2107 enim,
874 2040 906 2096 0.
923 2040 1030 2107 (laesar,
1046 2058 1161 2096 eausam
1175 2039 1199 2096 si

248 2119 277 2176 in
291 2120 353 2178 foro
367 2120 497 2186 dicerem,
512 2118 613 2176 eodem
627 2117 742 2175 audient
731 2127 759 2176 te
773 2126 802 2175 et
816 2119 992 2195 disceptante
1011 2125 1048 2185 te,
1064 2126 1199 2195 quantam

249 2198 317 2256 mihi
330 2198 459 2255 alacritat
416 2204 506 2255 tatem
530 2197 628 2288 populi
648 2197 770 2254 Romani
790 2217 942 2255 concursus
959 2198 1087 2255 afferret!
1128 2197 1199 2265 Quis

249 2278 323 2335 enim
350 2277 416 2335 civis
437 2276 462 2335 ei
488 2277 549 2354 regi
572 2295 628 2333 non
652 2275 768 2343 faveret,
795 2277 876 2354 cujus
901 2295 1014 2334 omnem
1034 2283 1150 2333 aetatem
1170 2276 1199 2332 in

203 2365 239 2418 25
250 2357 347 2433 populi
358 2356 478 2413 Romani
492 2356 572 2413 bellis
582 2365 781 2431 consumptam
791 2374 853 2412 esse
863 2356 1054 2412 meminisset
1024 2356 1058 2412 ι9
1080 2355 1197 2431 Specta-

249 2454 309 2492 rem
324 2436 439 2502 curiam,
453 2435 577 2492 intuerer
588 2435 692 2500 forum,
708 2434 812 2491 coelum
826 2434 947 2510 denique
960 2442 1080 2492 testarer
1092 2435 1197 2511 ipsum.

250 2513 305 2580 Sic,
331 2533 419 2590 quum
443 2522 473 2571 ιι
497 2513 614 2570 deorum
636 2512 837 2570 immortalium
858 2520 887 2570 et
911 2513 1009 2590 populi
1029 2513 1149 2570 Romani
1169 2520 1199 2570 et

249 2599 364 2648 senatus
391 2592 526 2650 beneficia
552 2592 582 2649 in
600 2610 705 2669 regem
733 2591 899 2649 Deiotarum
923 2592 1095 2660 recordarer,
1119 2591 1198 2648 nullo

249 2670 335 2727 modo
349 2670 417 2727 mihi
428 2671 527 2728 deesse
541 2679 638 2748 posset
651 2676 713 2727 orat
701 2670 747 2728 tio.
792 2671 817 2728 7
828 2672 912 2762 'Quae
926 2672 1058 2747 quoniam
1072 2678 1186 2748 angusti
1164 2670 1198 2728 ti-

202 2758 299 2810 soora
323 2749 412 2826 pariet
413 2768 443 2806 es
400 2750 581 2818 tfaciunt,
606 2749 737 2840 actioque
760 2750 889 2807 maxima
914 2769 1008 2808 causae
1035 2750 1133 2808 debilit
1121 2758 1199 2807 tatur

248 2826 318 2894 loco,
334 2837 415 2884 tuum
435 2836 487 2895 est,
512 2829 618 2895 Caesar,
634 2828 683 2919 (ιιι
707 2848 759 2906 pro
780 2829 877 2887 multis
901 2849 981 2908 saepe
1005 2829 1106 2896 dixisti,
1128 2829 1197 2905 quid

248 2906 316 2963 mihi
330 2925 403 2963 nunc
417 2906 501 2963 animi
514 2907 558 2975 ait,
538 2907 638 2964 ttad
626 2907 762 2984 teipsum
777 2908 897 2976 referre;
917 2922 974 2985 quo
988 2908 1096 2965 facilius
1107 2927 1197 2985 quum

249 2985 368 3061 aequitas
383 2993 441 3052 tua,
456 2993 518 3043 tum
535 2986 668 3044 audiendi
671 2986 807 3064 ,diligent'
799 3005 826 3043 ra
840 2987 948 3045 minuat
961 2989 1034 3045 hanc
1049 2987 1197 3064 perturba-

248 3063 351 3121 tionem
365 3083 466 3122 meam
508 3064 630 3122 Sedt
581 3071 630 3121 ant
631 3083 733 3141 equam
755 3066 791 3123 de
805 3067 982 3123 accusatione
996 3066 1059 3143 ipsa
1073 3065 1145 3132 dice,
1161 3064 1198 3123 de

200 3153 238 3206 35
249 3152 443 3201 accusatorum
467 3162 519 3220 spe
544 3162 635 3220 pauca
656 3143 756 3200 dicam
800 3144 855 3212 Qui
875 3165 963 3221 quum
977 3144 1127 3202 videantur
1144 3163 1197 3202 nec

247 3221 359 3298 ingenio
372 3241 424 3280 nec
438 3242 493 3280 ιιι
506 3228 536 3278 at
537 3241 592 3314 que
606 3222 805 3280 exercitatione
819 3242 913 3283 rerum
927 3224 1029 3290 valere,
1051 3231 1146 3280 tamen
1160 3223 1198 3280 ad

247 3299 321 3357 hanc
336 3319 450 3358 causam
463 3320 518 3359 non
532 3302 590 3358 sine
604 3301 698 3391 aliqua
712 3320 763 3377 spe
776 3309 806 3358 e
820 3303 990 3380 cogitatione
1002 3311 1147 3359 venerunt

288 3379 343 3436 ΙΙΙ
386 3387 412 3437 8
435 3381 543 3437 Iratum
557 3387 586 3436 te
600 3379 660 3458 regi
682 3379 817 3438 Deiotaro
831 3381 917 3438 luisse
931 3400 987 3438 non
1000 3388 1081 3438 erant
1094 3381 1196 3448 nescii;

247 3457 332 3514 effect
320 3465 381 3514 tum
394 3458 473 3515 illum
484 3458 653 3534 qmbusdam
660 3458 882 3516 incommodae
896 3459 932 3516 de
935 3460 1070 3517 trimentis
1079 3466 1165 3549 propt
1166 3478 1199 3517 er

200 3545 239 3598 40
247 3536 427 3593 offensionem
438 3537 522 3593 animi
532 3537 574 3593 tui
581 3537 780 3604 meminerant,
802 3535 899 3615 [eque
907 3558 996 3614 quum
1006 3538 1136 3596 huict1rat
1137 3558 1196 3606 um,

247 3619 308 3671 tum
324 3614 376 3672 sibi
389 3615 511 3672 amicum
526 3634 587 3672 esse
601 3625 793 3693 cognoverant
803 3615 824 3695 ς]
845 3636 990 3693 quumque
1003 3617 1109 3694 apud
1102 3636 1198 3694 ipsum

248 3693 326 3750 tede
346 3701 397 3751 tuo
414 3694 538 3770 periculo
552 3693 684 3760 dicerent,
700 3695 760 3751 fore
775 3697 923 3773 putabant,
938 3703 972 3753 ut
991 3696 1020 3752 in
1033 3696 1197 3754 exulcerato

247 3773 427 3832 ammofacrle
435 3774 484 3831 fic
473 3782 645 3831 umcrrmen
653 3773 795 3831 rns1deret
818 3774 1010 3842 Quamobrem
1018 3775 1073 3833 hoc
1082 3794 1133 3832 nos
1139 3792 1196 3853 pn

246 3869 334 3918 mum,
347 3853 454 3921 Οιιιιι,
468 3860 557 3920 metu,
568 3871 620 3930 per
634 3851 720 3910 fidem
731 3861 760 3910 et
775 3854 962 3913 constantiam
971 3861 1001 3911 et
1012 3872 1064 3933 per
1074 3855 1196 3913 clemen·
