2742 4384
210 287 248 342 36
639 301 747 343 enarro
767 301 810 343 111.

257 429 319 488 sint.
360 431 395 488 In
415 432 469 489 hoc
482 438 578 489 autem
591 450 649 489 uno
665 440 731 508 post
744 432 889 490 hominum
902 432 1066 490 memoriam
1080 432 1203 490 maximo

258 509 505 586 crudelissimoque
520 509 602 578 bello,
616 511 699 585 quale
719 511 824 568 bellum
838 511 915 568 nulla
934 531 1060 587 unquam
1074 511 1203 569 barbaria

258 606 323 644 cum
337 607 389 644 sua
402 600 486 665 gente
499 589 595 666 gessit,
610 607 667 664 quo
689 589 716 645 in
737 589 812 645 bello
825 590 871 647 lex
884 591 948 646 haec
970 590 1025 646 fuit
1037 609 1055 645 a
1071 590 1201 655 Lentulo,

259 666 386 732 Catilina,
408 666 536 744 Cethego
556 674 585 723 et
600 666 699 723 cassio
719 668 880 734 constituta,
896 676 929 725 ut
942 687 1047 735 omnes,
1063 668 1111 744 qui
1124 668 1202 724 salva

231 745 328 805 hurbe
342 745 412 802 salvi
433 763 495 802 esse
515 751 639 821 possent,
653 745 683 801 in
702 744 826 803 hostium
840 765 956 802 numero
971 745 1148 812 ducerentur,
1162 746 1202 803 ita

257 841 303 879 me
317 823 399 899 gessi,
415 823 544 893 Quirites,
559 829 592 879 ut
605 842 702 881 omnes
716 824 785 880 salvi
795 824 1040 891 conservaremini3
1061 831 1099 890 et,
1113 843 1201 901 quum

257 900 353 957 hostes
367 901 453 958 vestri
477 908 586 959 tantum
609 901 709 958 civium
723 903 938 978 superfuturum
961 920 1023 959 esse
1044 908 1200 979 putassent,

258 986 396 1054 quantum
422 978 537 1036 infinitae
566 979 640 1037 caedi
666 979 822 1046 restitisset,
850 988 962 1037 tantum
989 988 1084 1037 autem
1112 979 1199 1046 urbis,

257 1065 393 1132 quantum
417 1059 530 1114 flamma
553 1058 630 1114 obire
651 1076 708 1114 non
732 1058 880 1134 potuisset,
902 1066 932 1116 et
955 1059 1054 1116 urbem
1074 1065 1104 1115 et
1126 1058 1201 1114 cives

211 1142 247 1196 10
256 1134 380 1212 integros
393 1135 601 1211 incolumesque
615 1138 730 1194 servavi.

295 1213 346 1271 XI.
389 1221 434 1271 26.
457 1214 566 1281 Quibus
590 1233 642 1290 pro
662 1215 747 1271 tantis
766 1215 860 1282 rebus,
877 1214 1007 1283 Quirites,
1021 1214 1130 1271 nullum
1146 1231 1201 1290 ego

256 1292 367 1348 avobis
381 1292 530 1369 praemium
543 1292 663 1366 virtutis,
684 1294 794 1350 nullum
817 1294 925 1370 insigne
946 1293 1067 1357 honoris,
1092 1292 1201 1348 nullum

256 1379 468 1427 monumentum
488 1370 579 1427 laudis
600 1371 751 1446 postulabo
767 1381 959 1448 praeterquam
973 1371 1059 1447 hujus
1074 1370 1128 1427 diei
1141 1389 1199 1426 me-

256 1449 373 1505 moriam
387 1449 593 1526 sempiternam.
636 1449 670 1505 In
684 1450 782 1507 animis
803 1469 857 1528 ego
871 1451 972 1507 vestris
986 1469 1082 1506 omnes
1103 1449 1199 1505 trium-

211 1527 329 1602 ltpbos
349 1546 436 1595 meos,
458 1527 551 1584 omnia
571 1536 735 1584 ornamenta
755 1528 876 1595 honoris,
891 1536 1072 1585 monumenta
1091 1527 1199 1605 gloriae,

256 1605 346 1661 laudis
370 1605 494 1683 insignia,
516 1605 642 1662 condiet
661 1606 791 1663 collocari
810 1608 883 1664 volo.
925 1606 1003 1663 Nihil
1022 1625 1068 1663 me
1089 1615 1198 1662 mutum

256 1691 352 1759 potest
365 1684 514 1750 delectare,
524 1683 591 1741 nihil
605 1684 732 1752 tacitum,
744 1685 811 1742 nihil
826 1685 946 1762 denique
960 1685 1108 1762 ejusmodi,
1123 1683 1199 1760 quod

256 1761 341 1820 etiam
357 1763 449 1819 minus
469 1762 547 1840 digni
567 1763 678 1839 assequi
703 1764 818 1840 possint.
859 1763 995 1821 Memoria
1008 1772 1109 1830 vestra,
1133 1762 1199 1831 Qui·

255 1841 331 1908 rites,
355 1849 459 1899 nostrae
487 1860 532 1898 res
556 1842 674 1909 alentur,
700 1843 874 1900 sermonibus
902 1848 1036 1908 crescent,
1057 1842 1199 1898 literarum

209 1930 246 1984 20
255 1920 442 1978 monumentis
462 1921 664 1978 inveterascent
685 1927 714 1977 et
738 1921 1005 1978 corroborabuntur:
1027 1919 1200 1995 eandemque

256 1998 331 2055 diem
354 1999 487 2076 intelligo,
513 2017 598 2075 quam
621 2017 705 2075 spero
728 2006 862 2061 aeternam
887 2000 947 2055 fore
969 1998 1055 2055 etad
1079 1998 1199 2054 salutem

255 2078 332 2134 urbis
346 2085 375 2134 et
391 2077 427 2134 ad
441 2077 605 2134 memoriam
616 2078 778 2135 consulatus
792 2077 846 2134 mei
860 2074 1072 2153 propagatam
1087 2093 1199 2152 unoque

255 2161 383 2232 tempore
406 2156 434 2213 in
458 2156 511 2212 hac
534 2174 564 2213 re
588 2154 701 2232 publica
718 2156 790 2212 duos
814 2155 887 2212 cives
908 2154 1055 2221 exstitisse,
1079 2173 1198 2229 quorum

255 2233 326 2291 alter
350 2235 418 2292 fines
441 2234 528 2291 vestri
548 2233 655 2310 imperii
680 2254 735 2290 non
758 2242 852 2302 terrae,
877 2233 927 2290 sed
952 2231 1016 2289 eoeli
1039 2232 1199 2308 regionibus

209 2322 245 2375 25
256 2314 425 2381 terminaret,
453 2313 525 2370 alter
551 2313 678 2390 ejusdem
706 2313 814 2389 imperii
841 2311 1011 2369 domicilium
1046 2309 1198 2386 sedemque

256 2400 429 2467 servaret.;·(
882 2426 887 2439 ι

295 2470 361 2526 XII.
404 2471 450 2527 27.
473 2468 539 2536 Sed,
563 2468 694 2545 quoniam
716 2486 812 2525 earum
835 2486 1022 2544 rerumquae
1040 2485 1094 2544 ego
1113 2466 1197 2544 gessi,

255 2565 311 2603 non
333 2547 433 2604 eadem
457 2554 501 2604 est
522 2547 635 2604 fortuna
658 2553 744 2622 atque
768 2547 898 2612 conditio,
919 2566 984 2622 quae
1009 2547 1128 2611 illorum,
1150 2544 1197 2621 qui

256 2634 371 2682 externa
395 2625 469 2682 bella
489 2632 653 2702 gesserunt:
674 2624 751 2702 quod
773 2625 840 2681 mihi
857 2644 920 2682 cum
934 2624 966 2681 iis
980 2624 1130 2681 vivendum
1145 2630 1196 2688 est,

209 2716 246 2768 30
256 2724 326 2780 quos
341 2703 393 2761 vici
407 2723 440 2760 ac
454 2703 561 2781 subegi,
576 2703 616 2760 illi
629 2703 725 2760 hostes
742 2712 794 2759 eut
808 2703 969 2760 interfectos
983 2711 1033 2760 aut
1047 2720 1198 2778 oppressos

255 2782 442 2858 reliquerunt:
473 2789 597 2839 vestrum
621 2789 672 2848 est,
699 2781 830 2850 Quirites,
856 2781 879 2838 si
903 2782 1001 2838 ceteris
1023 2790 1098 2838 recte
1122 2780 1198 2835 facta

256 2879 307 2917 sua
320 2868 447 2938 prosunt,
462 2860 528 2916 mihi
542 2878 650 2917 meane
664 2860 778 2936 quando
789 2860 888 2926 obsint,
904 2860 1057 2935 providere.
1088 2858 1198 2914 Mentes
1273 2890 1277 2899 ·

255 2939 328 2995 enim
355 2939 499 2996 hominum
523 2938 776 2996 audacissimorum·
796 2939 937 2996 sceleratae
962 2957 995 2994 ac
1019 2937 1134 2994 nefariae
1163 2955 1198 2992 ne

255 3018 442 3075 vobisnocere
456 3027 579 3094 possent,
590 3035 644 3095 ego
659 3016 782 3093 providi:
804 3035 839 3073 ne
849 3016 917 3072 mihi
930 3025 1057 3083 noceant,
1072 3022 1197 3071 vestrum

209 3108 245 3160 35
256 3102 299 3151 est
313 3096 469 3186 providere.
509 3095 695 3171 Quamquam,
712 3096 842 3163 Quirites,
856 3095 923 3151 mihi
937 3096 1050 3171 quidem
1064 3094 1117 3169 ipsi
1131 3091 1198 3149 nihil

196 3234 199 3241 ,
255 3175 292 3230 ab
316 3174 375 3232 istis
395 3175 456 3251 jam
480 3173 573 3231 noceri
596 3181 699 3250 potest.
741 3174 877 3251 Magnum
902 3174 974 3230 enim
997 3182 1040 3230 est
1065 3173 1094 3229 in
1117 3171 1197 3229 bonis

256 3252 428 3329 praesidium,
456 3252 532 3328 quod
558 3252 626 3309 mihi
653 3253 681 3309 in
716 3259 886 3328 perpetuum
914 3258 1107 3328 comparatum
1138 3257 1197 3315 est;

255 3350 302 3386 ma
323 3349 358 3386 na
379 3330 408 3387 in
427 3330 586 3406 republica
608 3329 740 3408 dignitas,
755 3349 819 3405 quae
845 3349 889 3386 me
914 3348 1025 3405 semper
1048 3328 1135 3384 tacita
1149 3328 1197 3383 de-

256 3351 368 3475 fendam
389 3427 492 3486 magna
505 3408 547 3464 vis
561 3406 748 3474 conscientiae,
766 3427 851 3484 quam
871 3408 919 3482 qui
942 3407 1095 3483 negligent,
1110 3424 1199 3480 quum

208 3498 301 3550 tome
321 3486 424 3543 violare
444 3485 547 3551 volent,
572 3505 602 3543 se
625 3486 679 3562 ipsi
702 3486 874 3542 indicabunt.
917 3491 962 3540 28.
989 3484 1040 3538 Est
1065 3483 1149 3536 etiam
1170 3483 1198 3537 in

256 3563 336 3622 nobis
359 3564 383 3620 is
407 3564 523 3628 animus,
554 3564 683 3631 Quirites,
708 3572 742 3619 ut
765 3581 820 3618 non
841 3561 926 3617 modo
947 3559 1050 3615 nullius
1074 3559 1199 3614 audaciae

257 3642 398 3707 cedamus,
414 3640 464 3698 sed
485 3640 570 3696 etiam
584 3659 681 3697 omnes
699 3640 843 3716 improbos
858 3639 933 3694 ultro
954 3655 1066 3711 semper
1079 3635 1198 3692 lacessa-

256 3740 328 3778 mus.
371 3718 454 3787 Quod
475 3718 498 3774 si
519 3719 607 3774 omnis
626 3718 750 3793 impetus
764 3717 981 3774 domesticorum
1005 3714 1128 3770 hostium
1150 3714 1199 3770 de·

256 3799 357 3879 pulsus
375 3816 393 3854 a
405 3797 485 3854 vobis
499 3814 529 3853 se
543 3795 571 3853 in
584 3815 630 3854 me
644 3815 733 3853 unum
747 3795 923 3862 converterit,
939 3793 1019 3853 vobis
1032 3792 1085 3850 erit
1103 3791 1199 3851 viden·
