<?xml version="1.0" encoding="UTF-8"?>
<!DOCTYPE html PUBLIC "-//W3C//DTD XHTML 1.0 Transitional//EN"
    "http://www.w3.org/TR/xhtml1/DTD/xhtml1-transitional.dtd">
<html xmlns="http://www.w3.org/1999/xhtml" xml:lang="en" lang="en">
 <head>
  <title>
</title>
<meta http-equiv="Content-Type" content="text/html;charset=utf-8" />
  <meta name='ocr-system' content='tesseract 3.04.00' />
  <meta name='ocr-capabilities' content='ocr_page ocr_carea ocr_par ocr_line ocrx_word'/>
</head>
<body>
  <div class='ocr_page' id='page_1' title='image "./selectorationsm03cicegoog_0210.png"; bbox 0 0 2742 4384; ppageno 0'>
   <div class='ocr_carea' id='block_1_1' title="bbox 167 197 1168 3816">
    <p class='ocr_par' dir='ltr' id='par_1_1' title="bbox 167 197 1168 427">
     <span class='ocr_line' id='line_1_1' title="bbox 169 197 720 253; baseline 0 -2"><span class='ocrx_word' id='word_1_1' title='bbox 169 197 227 252; x_wconf 79' lang='lat'><strong><em>204</em></strong></span> <span class='ocrx_word' id='word_1_2' title='bbox 619 213 720 253; x_wconf 80' lang='lat' dir='ltr'><strong><em>nonne.</em></strong></span> 
     </span>
     <span class='ocr_line' id='line_1_2' title="bbox 168 286 773 345; baseline 0.008 -11"><span class='ocrx_word' id='word_1_3' title='bbox 168 286 215 345; x_wconf 61' lang='lat' dir='ltr'><strong><em>ugt</em></strong></span> <span class='ocrx_word' id='word_1_4' title='bbox 769 332 773 339; x_wconf 89' lang='lat'>.</span> 
     </span>
     <span class='ocr_line' id='line_1_3' title="bbox 167 340 1168 427; baseline 0.002 -39"><span class='ocrx_word' id='word_1_5' title='bbox 167 355 209 427; x_wconf 75' lang='lat'><strong><em>35</em></strong></span> <span class='ocrx_word' id='word_1_6' title='bbox 215 341 406 405; x_wconf 73' lang='lat' dir='ltr'><em>promulgasset,</em></span> <span class='ocrx_word' id='word_1_7' title='bbox 422 340 455 389; x_wconf 86' lang='lat' dir='ltr'><strong><em>Ut</em></strong></span> <span class='ocrx_word' id='word_1_8' title='bbox 466 342 565 390; x_wconf 81' lang='lat' dir='ltr'><strong><em>euealee</em></strong></span> <span class='ocrx_word' id='word_1_9' title='bbox 575 350 756 397; x_wconf 77' lang='lat' dir='ltr'><strong><em>revocarentur,</em></strong></span> <span class='ocrx_word' id='word_1_10' title='bbox 766 349 790 390; x_wconf 90' lang='lat' dir='ltr'><strong><em>et</em></strong></span> <span class='ocrx_word' id='word_1_11' title='bbox 801 344 858 390; x_wconf 87' lang='lat' dir='ltr'><strong><em>noui</em></strong></span> <span class='ocrx_word' id='word_1_12' title='bbox 869 344 935 390; x_wconf 85' lang='lat' dir='ltr'><strong><em>ciacc</em></strong></span> <span class='ocrx_word' id='word_1_13' title='bbox 946 340 1103 406; x_wconf 76' lang='lat' dir='ltr'><strong><em>libertinique</em></strong></span> <span class='ocrx_word' id='word_1_14' title='bbox 1116 341 1168 390; x_wconf 87' lang='lat' dir='ltr'><strong><em>die·</em></strong></span> 
     </span>
    </p>

    <p class='ocr_par' dir='ltr' id='par_1_2' title="bbox 218 417 1168 485">
     <span class='ocr_line' id='line_1_4' title="bbox 218 417 1168 485; baseline 0.001 -19"><span class='ocrx_word' id='word_1_15' title='bbox 218 417 384 468; x_wconf 77' lang='lat' dir='ltr'><strong><em>tribuerentur</em></strong></span> <span class='ocrx_word' id='word_1_16' title='bbox 395 421 421 467; x_wconf 88' lang='lat' dir='ltr'><strong><em>in</em></strong></span> <span class='ocrx_word' id='word_1_17' title='bbox 434 419 521 476; x_wconf 79' lang='lat' dir='ltr'><strong><em>tribue,</em></strong></span> <span class='ocrx_word' id='word_1_18' title='bbox 533 427 567 485; x_wconf 49' lang='lat' dir='ltr'><strong><em>ct·</em></strong></span> <span class='ocrx_word' id='word_1_19' title='bbox 575 419 608 467; x_wconf 85' lang='lat' dir='ltr'><strong><em>Ut</em></strong></span> <span class='ocrx_word' id='word_1_20' title='bbox 622 420 650 468; x_wconf 92' lang='lat' dir='ltr'><strong><em>C.</em></strong></span> <span class='ocrx_word' id='word_1_21' title='bbox 663 419 762 468; x_wconf 83' lang='lat' dir='ltr'><strong><em>Mariae</em></strong></span> <span class='ocrx_word' id='word_1_22' title='bbox 774 420 894 468; x_wconf 75' lang='lat' dir='ltr'><strong><em>aduersae</em></strong></span> <span class='ocrx_word' id='word_1_23' title='bbox 905 418 1077 467; x_wconf 77' lang='lat' dir='ltr'><strong><em>Mithridatem</em></strong></span> <span class='ocrx_word' id='word_1_24' title='bbox 1089 418 1168 468; x_wconf 82' lang='lat' dir='ltr'><strong><em>Ponti</em></strong></span> 
     </span>
    </p>

    <p class='ocr_par' dir='ltr' id='par_1_3' title="bbox 216 496 1167 561">
     <span class='ocr_line' id='line_1_5' title="bbox 216 496 1167 561; baseline 0.001 -18"><span class='ocrx_word' id='word_1_25' title='bbox 216 512 299 560; x_wconf 85' lang='lat' dir='ltr'><strong><em>regem</em></strong></span> <span class='ocrx_word' id='word_1_26' title='bbox 311 497 363 544; x_wconf 77' lang='lat' dir='ltr'><strong><em>dau</em></strong></span> <span class='ocrx_word' id='word_1_27' title='bbox 375 504 508 553; x_wconf 79' lang='lat' dir='ltr'><strong><em>crearetur,</em></strong></span> <span class='ocrx_word' id='word_1_28' title='bbox 520 505 544 545; x_wconf 90' lang='lat' dir='ltr'><strong><em>et</em></strong></span> <span class='ocrx_word' id='word_1_29' title='bbox 561 498 752 546; x_wconf 85' lang='lat' dir='ltr'><strong><em>advereantibue</em></strong></span> <span class='ocrx_word' id='word_1_30' title='bbox 768 497 910 545; x_wconf 76' lang='lat' dir='ltr'><strong><em>consulibua</em></strong></span> <span class='ocrx_word' id='word_1_31' title='bbox 924 497 953 556; x_wconf 82' lang='lat' dir='ltr'><strong><em>Q.</em></strong></span> <span class='ocrx_word' id='word_1_32' title='bbox 965 496 1082 561; x_wconf 85' lang='lat' dir='ltr'><strong><em>Pompeio</em></strong></span> <span class='ocrx_word' id='word_1_33' title='bbox 1095 504 1118 544; x_wconf 91' lang='lat' dir='ltr'><strong><em>et</em></strong></span> <span class='ocrx_word' id='word_1_34' title='bbox 1136 496 1167 545; x_wconf 88' lang='lat' dir='ltr'><strong><em>L.</em></strong></span> 
     </span>
    </p>

    <p class='ocr_par' dir='ltr' id='par_1_4' title="bbox 217 574 1166 638">
     <span class='ocr_line' id='line_1_6' title="bbox 217 574 1166 638; baseline 0.002 -17"><span class='ocrx_word' id='word_1_35' title='bbox 217 574 296 622; x_wconf 75' lang='lat' dir='ltr'><strong><em>Sullae</em></strong></span> <span class='ocrx_word' id='word_1_36' title='bbox 308 577 358 623; x_wconf 87' lang='lat' dir='ltr'><strong><em>oim</em></strong></span> <span class='ocrx_word' id='word_1_37' title='bbox 370 575 505 633; x_wconf 84' lang='lat' dir='ltr'><strong><em>intuliaeet,</em></strong></span> <span class='ocrx_word' id='word_1_38' title='bbox 516 578 593 622; x_wconf 88' lang='lat' dir='ltr'><strong><em>occieo</em></strong></span> <span class='ocrx_word' id='word_1_39' title='bbox 608 575 639 633; x_wconf 82' lang='lat' dir='ltr'><strong><em>Q.</em></strong></span> <span class='ocrx_word' id='word_1_40' title='bbox 648 574 764 638; x_wconf 88' lang='lat' dir='ltr'><strong><em>Pompeio</em></strong></span> <span class='ocrx_word' id='word_1_41' title='bbox 774 575 954 636; x_wconf 79' lang='lat' dir='ltr'><strong><em>coaeuliefilio,</em></strong></span> <span class='ocrx_word' id='word_1_42' title='bbox 964 590 1056 637; x_wconf 80' lang='lat' dir='ltr'><strong><em>genero</em></strong></span> <span class='ocrx_word' id='word_1_43' title='bbox 1069 575 1149 623; x_wconf 80' lang='lat' dir='ltr'><strong><em>Sulla</em></strong></span> <span class='ocrx_word' id='word_1_44' title='bbox 1156 591 1166 631; x_wconf 82' lang='lat'><strong><em>,¹</em></strong></span> 
     </span>
    </p>

    <p class='ocr_par' dir='ltr' id='par_1_5' title="bbox 215 651 1167 714">
     <span class='ocr_line' id='line_1_7' title="bbox 215 651 1167 714; baseline 0.001 -15"><span class='ocrx_word' id='word_1_45' title='bbox 215 651 246 700; x_wconf 78' lang='lat' dir='ltr'><strong><em>L.</em></strong></span> <span class='ocrx_word' id='word_1_46' title='bbox 259 652 333 700; x_wconf 81' lang='lat' dir='ltr'><strong><em>Sulla</em></strong></span> <span class='ocrx_word' id='word_1_47' title='bbox 345 654 430 701; x_wconf 82' lang='lat' dir='ltr'><strong><em>conoul</em></strong></span> <span class='ocrx_word' id='word_1_48' title='bbox 448 668 503 701; x_wconf 90' lang='lat' dir='ltr'><strong><em>cum</em></strong></span> <span class='ocrx_word' id='word_1_49' title='bbox 515 655 626 701; x_wconf 75' lang='lat' dir='ltr'><strong><em>exercitu</em></strong></span> <span class='ocrx_word' id='word_1_50' title='bbox 638 655 663 701; x_wconf 92' lang='lat' dir='ltr'><strong><em>in</em></strong></span> <span class='ocrx_word' id='word_1_51' title='bbox 676 653 760 701; x_wconf 90' lang='lat' dir='ltr'><strong><em>arbem</em></strong></span> <span class='ocrx_word' id='word_1_52' title='bbox 773 655 848 708; x_wconf 87' lang='lat' dir='ltr'><strong><em>uenit,</em></strong></span> <span class='ocrx_word' id='word_1_53' title='bbox 861 661 885 701; x_wconf 88' lang='lat' dir='ltr'><strong><em>et</em></strong></span> <span class='ocrx_word' id='word_1_54' title='bbox 897 653 1017 700; x_wconf 85' lang='lat' dir='ltr'><strong><em>advereue</em></strong></span> <span class='ocrx_word' id='word_1_55' title='bbox 1028 652 1167 714; x_wconf 77' lang='lat' dir='ltr'><strong><em>factionem</em></strong></span> 
     </span>
    </p>

    <p class='ocr_par' dir='ltr' id='par_1_6' title="bbox 209 729 1166 1882">
     <span class='ocr_line' id='line_1_8' title="bbox 217 729 1166 794; baseline 0 -17"><span class='ocrx_word' id='word_1_56' title='bbox 217 730 326 794; x_wconf 74' lang='lat' dir='ltr'><strong><em>Sulpicii</em></strong></span> <span class='ocrx_word' id='word_1_57' title='bbox 343 737 367 778; x_wconf 83' lang='lat' dir='ltr'><strong><em>et</em></strong></span> <span class='ocrx_word' id='word_1_58' title='bbox 386 729 463 780; x_wconf 85' lang='lat' dir='ltr'><strong><em>Marii</em></strong></span> <span class='ocrx_word' id='word_1_59' title='bbox 479 733 504 778; x_wconf 93' lang='lat' dir='ltr'><strong><em>in</em></strong></span> <span class='ocrx_word' id='word_1_60' title='bbox 523 734 578 793; x_wconf 86' lang='lat' dir='ltr'><strong><em>ipea</em></strong></span> <span class='ocrx_word' id='word_1_61' title='bbox 595 730 654 779; x_wconf 89' lang='lat' dir='ltr'><strong><em>urbe</em></strong></span> <span class='ocrx_word' id='word_1_62' title='bbox 673 732 807 794; x_wconf 76' lang='lat' dir='ltr'><strong><em>pugnauit,</em></strong></span> <span class='ocrx_word' id='word_1_63' title='bbox 820 746 920 793; x_wconf 85' lang='lat' dir='ltr'><strong><em>eamque</em></strong></span> <span class='ocrx_word' id='word_1_64' title='bbox 937 731 1051 794; x_wconf 71' lang='lat' dir='ltr'><strong><em>expulit:</em></strong></span> <span class='ocrx_word' id='word_1_65' title='bbox 1069 747 1100 778; x_wconf 79' lang='lat' dir='ltr'><strong><em>ec</em></strong></span> <span class='ocrx_word' id='word_1_66' title='bbox 1117 746 1166 794; x_wconf 80' lang='lat' dir='ltr'><strong><em>qua</em></strong></span> 
     </span>
     <span class='ocr_line' id='line_1_9' title="bbox 216 806 1165 872; baseline 0.001 -18"><span class='ocrx_word' id='word_1_67' title='bbox 216 806 342 855; x_wconf 84' lang='lat' dir='ltr'><strong><em>duodecim</em></strong></span> <span class='ocrx_word' id='word_1_68' title='bbox 354 824 369 855; x_wconf 92' lang='lat' dir='ltr'><strong><em>o</em></strong></span> <span class='ocrx_word' id='word_1_69' title='bbox 382 815 469 856; x_wconf 88' lang='lat' dir='ltr'><strong><em>aenotu</em></strong></span> <span class='ocrx_word' id='word_1_70' title='bbox 482 808 571 863; x_wconf 84' lang='lat' dir='ltr'><strong><em>boetea,</em></strong></span> <span class='ocrx_word' id='word_1_71' title='bbox 583 810 649 856; x_wconf 90' lang='lat' dir='ltr'><strong><em>inter</em></strong></span> <span class='ocrx_word' id='word_1_72' title='bbox 661 823 722 871; x_wconf 82' lang='lat' dir='ltr'><strong><em>quoa</em></strong></span> <span class='ocrx_word' id='word_1_73' title='bbox 740 808 768 855; x_wconf 90' lang='lat' dir='ltr'><strong><em>C.</em></strong></span> <span class='ocrx_word' id='word_1_74' title='bbox 780 806 878 855; x_wconf 83' lang='lat' dir='ltr'><strong><em>Mariae</em></strong></span> <span class='ocrx_word' id='word_1_75' title='bbox 886 816 959 872; x_wconf 89' lang='lat' dir='ltr'><strong><em>pater</em></strong></span> <span class='ocrx_word' id='word_1_76' title='bbox 971 815 996 855; x_wconf 88' lang='lat' dir='ltr'><strong><em>et</em></strong></span> <span class='ocrx_word' id='word_1_77' title='bbox 1007 807 1082 869; x_wconf 82' lang='lat' dir='ltr'><strong><em>filiae</em></strong></span> <span class='ocrx_word' id='word_1_78' title='bbox 1092 809 1165 870; x_wconf 89' lang='lat' dir='ltr'><strong><em>jadi-</em></strong></span> 
     </span>
     <span class='ocr_line' id='line_1_10' title="bbox 215 885 1166 949; baseline 0.001 -16"><span class='ocrx_word' id='word_1_79' title='bbox 215 888 266 933; x_wconf 91' lang='lat' dir='ltr'><strong><em>coti</em></strong></span> <span class='ocrx_word' id='word_1_80' title='bbox 274 893 339 943; x_wconf 86' lang='lat' dir='ltr'><strong><em>eunt.</em></strong></span> <span class='ocrx_word' id='word_1_81' title='bbox 372 885 406 935; x_wconf 89' lang='grc' dir='ltr'><strong><em>Ρ.</em></strong></span> <span class='ocrx_word' id='word_1_82' title='bbox 419 885 558 949; x_wconf 78' lang='lat' dir='ltr'><strong><em>Sulpiciae,</em></strong></span> <span class='ocrx_word' id='word_1_83' title='bbox 570 901 644 948; x_wconf 83' lang='lat' dir='ltr'><strong><em>quum</em></strong></span> <span class='ocrx_word' id='word_1_84' title='bbox 657 889 684 933; x_wconf 93' lang='lat' dir='ltr'><strong><em>in</em></strong></span> <span class='ocrx_word' id='word_1_85' title='bbox 696 885 802 948; x_wconf 79' lang='lat' dir='ltr'><strong><em>quadam</em></strong></span> <span class='ocrx_word' id='word_1_86' title='bbox 815 886 878 933; x_wconf 89' lang='lat' dir='ltr'><strong><em>oilla</em></strong></span> <span class='ocrx_word' id='word_1_87' title='bbox 889 887 985 942; x_wconf 86' lang='lat' dir='ltr'><strong><em>lateret,</em></strong></span> <span class='ocrx_word' id='word_1_88' title='bbox 997 887 1089 934; x_wconf 89' lang='lat' dir='ltr'><strong><em>indicio</em></strong></span> <span class='ocrx_word' id='word_1_89' title='bbox 1100 888 1166 934; x_wconf 82' lang='lat' dir='ltr'><strong><em>aerei</em></strong></span> 
     </span>
     <span class='ocr_line' id='line_1_11' title="bbox 214 963 1166 1028; baseline 0.001 -18"><span class='ocrx_word' id='word_1_90' title='bbox 214 965 254 1010; x_wconf 84' lang='lat' dir='ltr'><strong><em>eui</em></strong></span> <span class='ocrx_word' id='word_1_91' title='bbox 265 971 389 1012; x_wconf 83' lang='lat' dir='ltr'><strong><em>retractae</em></strong></span> <span class='ocrx_word' id='word_1_92' title='bbox 400 971 424 1011; x_wconf 90' lang='lat' dir='ltr'><strong><em>ct</em></strong></span> <span class='ocrx_word' id='word_1_93' title='bbox 435 966 531 1012; x_wconf 85' lang='lat' dir='ltr'><strong><em>occiaua</em></strong></span> <span class='ocrx_word' id='word_1_94' title='bbox 541 972 586 1012; x_wconf 84' lang='lat' dir='ltr'><strong><em>eet.</em></strong></span> <span class='ocrx_word' id='word_1_95' title='bbox 621 963 723 1019; x_wconf 82' lang='lat' dir='ltr'><strong><em>Scrnue,</em></strong></span> <span class='ocrx_word' id='word_1_96' title='bbox 736 972 765 1010; x_wconf 93' lang='lat' dir='ltr'><strong><em>ut</em></strong></span> <span class='ocrx_word' id='word_1_97' title='bbox 782 966 909 1027; x_wconf 80' lang='lat' dir='ltr'><strong><em>preamium</em></strong></span> <span class='ocrx_word' id='word_1_98' title='bbox 924 967 1074 1028; x_wconf 88' lang='lat' dir='ltr'><strong><em>promieeam</em></strong></span> <span class='ocrx_word' id='word_1_99' title='bbox 1086 963 1166 1011; x_wconf 88' lang='lat' dir='ltr'><strong><em>indici</em></strong></span> 
     </span>
     <span class='ocr_line' id='line_1_12' title="bbox 214 1040 1166 1105; baseline 0 -17"><span class='ocrx_word' id='word_1_100' title='bbox 214 1040 321 1097; x_wconf 89' lang='lat' dir='ltr'><strong><em>baberet,</em></strong></span> <span class='ocrx_word' id='word_1_101' title='bbox 333 1044 508 1098; x_wconf 84' lang='lat' dir='ltr'><strong><em>manumieaue,</em></strong></span> <span class='ocrx_word' id='word_1_102' title='bbox 521 1049 545 1090; x_wconf 90' lang='lat' dir='ltr'><strong><em>et</em></strong></span> <span class='ocrx_word' id='word_1_103' title='bbox 565 1040 593 1089; x_wconf 94' lang='lat' dir='ltr'><strong><em>ob</em></strong></span> <span class='ocrx_word' id='word_1_104' title='bbox 605 1042 686 1089; x_wconf 86' lang='lat' dir='ltr'><strong><em>ccelae</em></strong></span> <span class='ocrx_word' id='word_1_105' title='bbox 701 1040 798 1105; x_wconf 88' lang='lat' dir='ltr'><strong><em>proditi</em></strong></span> <span class='ocrx_word' id='word_1_106' title='bbox 818 1041 911 1088; x_wconf 91' lang='lat' dir='ltr'><strong><em>domini</em></strong></span> <span class='ocrx_word' id='word_1_107' title='bbox 929 1041 958 1088; x_wconf 87' lang='lat' dir='ltr'><strong><em>de</em></strong></span> <span class='ocrx_word' id='word_1_108' title='bbox 975 1057 1036 1089; x_wconf 81' lang='lat' dir='ltr'><strong><em>acuo</em></strong></span> <span class='ocrx_word' id='word_1_109' title='bbox 1054 1041 1166 1104; x_wconf 84' lang='lat' dir='ltr'><strong><em>dejectae</em></strong></span> 
     </span>
     <span class='ocr_line' id='line_1_13' title="bbox 213 1117 1165 1182; baseline 0 -16"><span class='ocrx_word' id='word_1_110' title='bbox 213 1126 257 1166; x_wconf 91' lang='lat' dir='ltr'><strong><em>eet.</em></strong></span> <span class='ocrx_word' id='word_1_111' title='bbox 293 1118 321 1166; x_wconf 92' lang='lat' dir='ltr'><strong><em>C.</em></strong></span> <span class='ocrx_word' id='word_1_112' title='bbox 333 1117 431 1167; x_wconf 84' lang='lat' dir='ltr'><strong><em>Mariae</em></strong></span> <span class='ocrx_word' id='word_1_113' title='bbox 442 1119 517 1181; x_wconf 85' lang='lat' dir='ltr'><strong><em>filiae</em></strong></span> <span class='ocrx_word' id='word_1_114' title='bbox 528 1121 555 1166; x_wconf 92' lang='lat' dir='ltr'><strong><em>in</em></strong></span> <span class='ocrx_word' id='word_1_115' title='bbox 567 1117 681 1179; x_wconf 86' lang='lat' dir='ltr'><strong><em>Africam</em></strong></span> <span class='ocrx_word' id='word_1_116' title='bbox 700 1120 806 1180; x_wconf 88' lang='lat' dir='ltr'><strong><em>trajecit.</em></strong></span> <span class='ocrx_word' id='word_1_117' title='bbox 842 1118 870 1166; x_wconf 89' lang='lat' dir='ltr'><strong><em>C.</em></strong></span> <span class='ocrx_word' id='word_1_118' title='bbox 883 1118 982 1166; x_wconf 84' lang='lat' dir='ltr'><strong><em>Mariae</em></strong></span> <span class='ocrx_word' id='word_1_119' title='bbox 995 1126 1165 1182; x_wconf 84' lang='lat' dir='ltr'><strong><em>pater,quum</em></strong></span> 
     </span>
     <span class='ocr_line' id='line_1_14' title="bbox 213 1195 1164 1261; baseline -0.001 -18"><span class='ocrx_word' id='word_1_120' title='bbox 213 1198 240 1244; x_wconf 90' lang='lat' dir='ltr'><strong><em>in</em></strong></span> <span class='ocrx_word' id='word_1_121' title='bbox 254 1196 391 1261; x_wconf 90' lang='lat' dir='ltr'><strong><em>paladibue</em></strong></span> <span class='ocrx_word' id='word_1_122' title='bbox 407 1195 618 1244; x_wconf 72' lang='lat' dir='ltr'><strong><em>Minturnensium</em></strong></span> <span class='ocrx_word' id='word_1_123' title='bbox 630 1197 727 1251; x_wconf 86' lang='lat' dir='ltr'><strong><em>lateret,</em></strong></span> <span class='ocrx_word' id='word_1_124' title='bbox 739 1204 867 1243; x_wconf 76' lang='lat' dir='ltr'><strong><em>extractae</em></strong></span> <span class='ocrx_word' id='word_1_125' title='bbox 879 1203 916 1244; x_wconf 84' lang='lat' dir='ltr'><strong><em>eet</em></strong></span> <span class='ocrx_word' id='word_1_126' title='bbox 934 1195 964 1243; x_wconf 93' lang='lat' dir='ltr'><strong><em>ab</em></strong></span> <span class='ocrx_word' id='word_1_127' title='bbox 975 1196 1122 1260; x_wconf 82' lang='lat' dir='ltr'><strong><em>oppidania:</em></strong></span> <span class='ocrx_word' id='word_1_128' title='bbox 1140 1202 1164 1244; x_wconf 88' lang='lat' dir='ltr'><strong><em>et</em></strong></span> 
     </span>
     <span class='ocr_line' id='line_1_15' title="bbox 213 1273 1163 1337; baseline 0.003 -17"><span class='ocrx_word' id='word_1_129' title='bbox 213 1289 287 1337; x_wconf 81' lang='lat' dir='ltr'><strong><em>quum</em></strong></span> <span class='ocrx_word' id='word_1_130' title='bbox 299 1277 390 1321; x_wconf 83' lang='lat' dir='ltr'><strong><em>mieeae</em></strong></span> <span class='ocrx_word' id='word_1_131' title='bbox 401 1273 435 1320; x_wconf 90' lang='lat' dir='ltr'><strong><em>ad</em></strong></span> <span class='ocrx_word' id='word_1_132' title='bbox 451 1273 610 1321; x_wconf 89' lang='lat' dir='ltr'><strong><em>occidendum</em></strong></span> <span class='ocrx_word' id='word_1_133' title='bbox 629 1289 682 1320; x_wconf 87' lang='lat' dir='ltr'><strong><em>eum</em></strong></span> <span class='ocrx_word' id='word_1_134' title='bbox 695 1289 790 1331; x_wconf 81' lang='lat' dir='ltr'><strong><em>aereae,</em></strong></span> <span class='ocrx_word' id='word_1_135' title='bbox 808 1276 906 1323; x_wconf 92' lang='lat' dir='ltr'><strong><em>natione</em></strong></span> <span class='ocrx_word' id='word_1_136' title='bbox 924 1273 1022 1331; x_wconf 81' lang='lat' dir='ltr'><strong><em>Callae,</em></strong></span> <span class='ocrx_word' id='word_1_137' title='bbox 1034 1276 1163 1337; x_wconf 84' lang='lat' dir='ltr'><strong><em>mojeetate</em></strong></span> 
     </span>
     <span class='ocr_line' id='line_1_16' title="bbox 214 1351 1164 1416; baseline 0.001 -18"><span class='ocrx_word' id='word_1_138' title='bbox 214 1354 279 1399; x_wconf 91' lang='lat' dir='ltr'><strong><em>tanti</em></strong></span> <span class='ocrx_word' id='word_1_139' title='bbox 290 1353 340 1399; x_wconf 87' lang='lat' dir='ltr'><strong><em>oiri</em></strong></span> <span class='ocrx_word' id='word_1_140' title='bbox 347 1354 498 1413; x_wconf 87' lang='lat' dir='ltr'><strong><em>perterritae</em></strong></span> <span class='ocrx_word' id='word_1_141' title='bbox 508 1353 658 1408; x_wconf 83' lang='lat' dir='ltr'><strong><em>receeeieect,</em></strong></span> <span class='ocrx_word' id='word_1_142' title='bbox 671 1352 800 1414; x_wconf 77' lang='lat' dir='ltr'><strong><em>impositae</em></strong></span> <span class='ocrx_word' id='word_1_143' title='bbox 815 1351 914 1416; x_wconf 90' lang='lat' dir='ltr'><strong><em>publice</em></strong></span> <span class='ocrx_word' id='word_1_144' title='bbox 926 1355 952 1400; x_wconf 86' lang='lat' dir='ltr'><strong><em>ia</em></strong></span> <span class='ocrx_word' id='word_1_145' title='bbox 964 1354 1048 1400; x_wconf 88' lang='lat' dir='ltr'><strong><em>nooim</em></strong></span> <span class='ocrx_word' id='word_1_146' title='bbox 1066 1351 1164 1399; x_wconf 84' lang='lat' dir='ltr'><strong><em>delatae</em></strong></span> 
     </span>
     <span class='ocr_line' id='line_1_17' title="bbox 212 1427 1163 1491; baseline 0.001 -14"><span class='ocrx_word' id='word_1_147' title='bbox 212 1437 250 1478; x_wconf 87' lang='lat' dir='ltr'><strong><em>eet</em></strong></span> <span class='ocrx_word' id='word_1_148' title='bbox 262 1432 287 1476; x_wconf 91' lang='lat' dir='ltr'><strong><em>in</em></strong></span> <span class='ocrx_word' id='word_1_149' title='bbox 300 1428 421 1491; x_wconf 80' lang='lat' dir='ltr'><strong><em>Africam.</em></strong></span> <span class='ocrx_word' id='word_1_150' title='bbox 455 1427 486 1477; x_wconf 88' lang='grc' dir='ltr'><strong><em>Ι..</em></strong></span> <span class='ocrx_word' id='word_1_151' title='bbox 500 1428 575 1476; x_wconf 79' lang='lat' dir='ltr'><strong><em>Sulla</em></strong></span> <span class='ocrx_word' id='word_1_152' title='bbox 587 1431 699 1476; x_wconf 88' lang='lat' dir='ltr'><strong><em>ciritatie</em></strong></span> <span class='ocrx_word' id='word_1_153' title='bbox 717 1437 811 1477; x_wconf 81' lang='lat' dir='ltr'><strong><em>atatam</em></strong></span> <span class='ocrx_word' id='word_1_154' title='bbox 828 1430 973 1478; x_wconf 85' lang='lat' dir='ltr'><strong><em>ordinavit:</em></strong></span> <span class='ocrx_word' id='word_1_155' title='bbox 991 1430 1080 1479; x_wconf 76' lang='lat' dir='ltr'><strong><em>exinde</em></strong></span> <span class='ocrx_word' id='word_1_156' title='bbox 1101 1431 1163 1478; x_wconf 89' lang='lat' dir='ltr'><strong><em>calo·</em></strong></span> 
     </span>
     <span class='ocr_line' id='line_1_18' title="bbox 212 1506 1164 1572; baseline 0 -16"><span class='ocrx_word' id='word_1_157' title='bbox 212 1509 269 1556; x_wconf 84' lang='lat' dir='ltr'><strong><em>niae</em></strong></span> <span class='ocrx_word' id='word_1_158' title='bbox 280 1507 392 1555; x_wconf 76' lang='lat' dir='ltr'><strong><em>deducit.</em></strong></span> <span class='ocrx_word' id='word_1_159' title='bbox 428 1506 458 1566; x_wconf 86' lang='lat' dir='ltr'><strong><em>Q.</em></strong></span> <span class='ocrx_word' id='word_1_160' title='bbox 470 1506 604 1570; x_wconf 80' lang='lat' dir='ltr'><strong><em>Pompeiae</em></strong></span> <span class='ocrx_word' id='word_1_161' title='bbox 617 1507 712 1564; x_wconf 81' lang='lat' dir='ltr'><strong><em>conoul,</em></strong></span> <span class='ocrx_word' id='word_1_162' title='bbox 724 1508 757 1554; x_wconf 89' lang='lat' dir='ltr'><strong><em>ad</em></strong></span> <span class='ocrx_word' id='word_1_163' title='bbox 775 1509 946 1572; x_wconf 85' lang='lat' dir='ltr'><strong><em>accipiendam</em></strong></span> <span class='ocrx_word' id='word_1_164' title='bbox 961 1524 976 1556; x_wconf 90' lang='lat' dir='ltr'><strong><em>a</em></strong></span> <span class='ocrx_word' id='word_1_165' title='bbox 990 1508 1035 1556; x_wconf 91' lang='lat' dir='ltr'><strong><em>Cn.</em></strong></span> <span class='ocrx_word' id='word_1_166' title='bbox 1047 1508 1164 1572; x_wconf 91' lang='lat' dir='ltr'><strong><em>Pompeio</em></strong></span> 
     </span>
     <span class='ocr_line' id='line_1_19' title="bbox 209 1584 1163 1650; baseline 0 -17"><span class='ocrx_word' id='word_1_167' title='bbox 209 1585 354 1650; x_wconf 82' lang='lat' dir='ltr'><strong><em>praconeale</em></strong></span> <span class='ocrx_word' id='word_1_168' title='bbox 366 1587 500 1633; x_wconf 83' lang='lat' dir='ltr'><strong><em>eaercitum</em></strong></span> <span class='ocrx_word' id='word_1_169' title='bbox 515 1584 652 1647; x_wconf 85' lang='lat' dir='ltr'><strong><em>projectae,</em></strong></span> <span class='ocrx_word' id='word_1_170' title='bbox 665 1586 766 1633; x_wconf 84' lang='lat' dir='ltr'><strong><em>coneilio</em></strong></span> <span class='ocrx_word' id='word_1_171' title='bbox 778 1588 833 1648; x_wconf 84' lang='lat' dir='ltr'><strong><em>ejae</em></strong></span> <span class='ocrx_word' id='word_1_172' title='bbox 844 1589 940 1634; x_wconf 83' lang='lat' dir='ltr'><strong><em>occiana</em></strong></span> <span class='ocrx_word' id='word_1_173' title='bbox 951 1593 994 1633; x_wconf 84' lang='lat' dir='ltr'><strong><em>eat.</em></strong></span> <span class='ocrx_word' id='word_1_174' title='bbox 1028 1584 1163 1633; x_wconf 75' lang='lat' dir='ltr'><strong><em>Matrite-</em></strong></span> 
     </span>
     <span class='ocr_line' id='line_1_20' title="bbox 213 1662 1164 1727; baseline -0.001 -15"><span class='ocrx_word' id='word_1_175' title='bbox 213 1671 258 1720; x_wconf 85' lang='lat' dir='ltr'><strong><em>tee‚</em></strong></span> <span class='ocrx_word' id='word_1_176' title='bbox 275 1663 353 1712; x_wconf 87' lang='lat' dir='ltr'><strong><em>Ponti</em></strong></span> <span class='ocrx_word' id='word_1_177' title='bbox 363 1679 417 1719; x_wconf 81' lang='lat' dir='ltr'><strong><em>reu,</em></strong></span> <span class='ocrx_word' id='word_1_178' title='bbox 429 1662 550 1726; x_wconf 71' lang='lat' dir='ltr'><strong><em>Bithynia</em></strong></span> <span class='ocrx_word' id='word_1_179' title='bbox 562 1669 586 1710; x_wconf 89' lang='lat' dir='ltr'><strong><em>et</em></strong></span> <span class='ocrx_word' id='word_1_180' title='bbox 604 1663 764 1726; x_wconf 80' lang='lat' dir='ltr'><strong><em>Cappadocia</em></strong></span> <span class='ocrx_word' id='word_1_181' title='bbox 781 1666 917 1726; x_wconf 85' lang='lat' dir='ltr'><strong><em>occupatie,</em></strong></span> <span class='ocrx_word' id='word_1_182' title='bbox 933 1671 957 1711; x_wconf 88' lang='lat' dir='ltr'><strong><em>et</em></strong></span> <span class='ocrx_word' id='word_1_183' title='bbox 972 1664 1045 1727; x_wconf 88' lang='lat' dir='ltr'><strong><em>paleo</em></strong></span> <span class='ocrx_word' id='word_1_184' title='bbox 1061 1662 1164 1726; x_wconf 84' lang='lat' dir='ltr'><strong><em>Aquilio</em></strong></span> 
     </span>
     <span class='ocr_line' id='line_1_21' title="bbox 212 1740 1164 1805; baseline -0.001 -16"><span class='ocrx_word' id='word_1_185' title='bbox 212 1740 303 1805; x_wconf 84' lang='lat' dir='ltr'><strong><em>legato,</em></strong></span> <span class='ocrx_word' id='word_1_186' title='bbox 315 1740 465 1804; x_wconf 75' lang='lat' dir='ltr'><strong><em>Phrygiam,</em></strong></span> <span class='ocrx_word' id='word_1_187' title='bbox 474 1742 627 1804; x_wconf 88' lang='lat' dir='ltr'><strong><em>prouinciam</em></strong></span> <span class='ocrx_word' id='word_1_188' title='bbox 643 1742 731 1804; x_wconf 86' lang='lat' dir='ltr'><strong><em>papali</em></strong></span> <span class='ocrx_word' id='word_1_189' title='bbox 743 1740 859 1797; x_wconf 84' lang='lat' dir='ltr'><strong><em>Romani,</em></strong></span> <span class='ocrx_word' id='word_1_190' title='bbox 872 1757 927 1788; x_wconf 90' lang='lat' dir='ltr'><strong><em>cam</em></strong></span> <span class='ocrx_word' id='word_1_191' title='bbox 944 1743 1043 1803; x_wconf 84' lang='lat' dir='ltr'><strong><em>ingenti</em></strong></span> <span class='ocrx_word' id='word_1_192' title='bbox 1053 1743 1164 1789; x_wconf 78' lang='lat' dir='ltr'><strong><em>enercitu</em></strong></span> 
     </span>
     <span class='ocr_line' id='line_1_22' title="bbox 212 1817 1015 1882; baseline -0.001 -15"><span class='ocrx_word' id='word_1_193' title='bbox 212 1820 323 1867; x_wconf 82' lang='lat' dir='ltr'><strong><em>intravit.</em></strong></span> <span class='ocrx_word' id='word_1_194' title='bbox 357 1819 409 1866; x_wconf 84' lang='lat' dir='ltr'><strong><em>Liv.</em></strong></span> <span class='ocrx_word' id='word_1_195' title='bbox 422 1817 493 1882; x_wconf 78' lang='lat' dir='ltr'><strong><em>Epit.</em></strong></span> <span class='ocrx_word' id='word_1_196' title='bbox 506 1819 544 1866; x_wconf 80' lang='lat' dir='ltr'><strong><em>tt.</em></strong></span> <span class='ocrx_word' id='word_1_197' title='bbox 578 1819 625 1865; x_wconf 89' lang='lat' dir='ltr'><strong><em>See</em></strong></span> <span class='ocrx_word' id='word_1_198' title='bbox 637 1819 755 1875; x_wconf 86' lang='lat' dir='ltr'><strong><em>Schmitz,</em></strong></span> <span class='ocrx_word' id='word_1_199' title='bbox 769 1818 854 1874; x_wconf 81' lang='lat' dir='ltr'><strong><em>Rome,</em></strong></span> <span class='ocrx_word' id='word_1_200' title='bbox 866 1835 887 1880; x_wconf 89' lang='lat' dir='ltr'><strong><em>p.</em></strong></span> <span class='ocrx_word' id='word_1_201' title='bbox 899 1820 956 1875; x_wconf 81' lang='lat'><strong><em>357,</em></strong></span> <span class='ocrx_word' id='word_1_202' title='bbox 968 1819 1015 1866; x_wconf 85' lang='lat' dir='ltr'><strong><em>foll.</em></strong></span> 
     </span>
    </p>

    <p class='ocr_par' dir='ltr' id='par_1_7' title="bbox 210 1895 1164 2112">
     <span class='ocr_line' id='line_1_23' title="bbox 246 1895 1164 1960; baseline 0 -17"><span class='ocrx_word' id='word_1_203' title='bbox 246 1898 300 1944; x_wconf 80' lang='grc'><strong><em>26.</em></strong></span> <span class='ocrx_word' id='word_1_204' title='bbox 319 1898 365 1942; x_wconf 82' lang='lat' dir='ltr'><strong><em>Ex</em></strong></span> <span class='ocrx_word' id='word_1_205' title='bbox 382 1897 451 1942; x_wconf 85' lang='lat' dir='ltr'><strong><em>urbe</em></strong></span> <span class='ocrx_word' id='word_1_206' title='bbox 467 1896 559 1952; x_wconf 81' lang='lat' dir='ltr'><strong><em>eJecit·</em></strong></span> <span class='ocrx_word' id='word_1_207' title='bbox 595 1895 698 1960; x_wconf 86' lang='lat' dir='ltr'><strong><em>Madvig</em></strong></span> <span class='ocrx_word' id='word_1_208' title='bbox 709 1897 821 1945; x_wconf 81' lang='lat' dir='ltr'><strong><em>brackets</em></strong></span> <span class='ocrx_word' id='word_1_209' title='bbox 833 1897 901 1945; x_wconf 84' lang='lat' dir='ltr'><strong><em>these</em></strong></span> <span class='ocrx_word' id='word_1_210' title='bbox 914 1896 1164 1944; x_wconf 82' lang='lat' dir='ltr'><strong><em>werde.—Caatodem</em></strong></span> 
     </span>
     <span class='ocr_line' id='line_1_24' title="bbox 212 1972 1163 2037; baseline 0.001 -15"><span class='ocrx_word' id='word_1_211' title='bbox 212 1973 288 2037; x_wconf 87' lang='lat' dir='ltr'><strong><em>bujue</em></strong></span> <span class='ocrx_word' id='word_1_212' title='bbox 299 1972 373 2021; x_wconf 86' lang='lat' dir='ltr'><strong><em>arbie.</em></strong></span> <span class='ocrx_word' id='word_1_213' title='bbox 407 1972 448 2021; x_wconf 94' lang='lat' dir='ltr'><strong><em>On</em></strong></span> <span class='ocrx_word' id='word_1_214' title='bbox 460 1979 566 2020; x_wconf 80' lang='lat' dir='ltr'><strong><em>account</em></strong></span> <span class='ocrx_word' id='word_1_215' title='bbox 578 1974 605 2020; x_wconf 84' lang='lat' dir='ltr'><strong><em>of</em></strong></span> <span class='ocrx_word' id='word_1_216' title='bbox 618 1975 659 2020; x_wconf 86' lang='lat' dir='ltr'><strong><em>the</em></strong></span> <span class='ocrx_word' id='word_1_217' title='bbox 671 1975 752 2020; x_wconf 80' lang='lat' dir='ltr'><strong><em>defeat</em></strong></span> <span class='ocrx_word' id='word_1_218' title='bbox 764 1975 812 2021; x_wconf 89' lang='lat' dir='ltr'><strong><em>and</em></strong></span> <span class='ocrx_word' id='word_1_219' title='bbox 824 1975 968 2022; x_wconf 82' lang='lat' dir='ltr'><strong><em>destruction</em></strong></span> <span class='ocrx_word' id='word_1_220' title='bbox 979 1976 1006 2021; x_wconf 87' lang='lat' dir='ltr'><strong><em>os</em></strong></span> <span class='ocrx_word' id='word_1_221' title='bbox 1020 1976 1062 2022; x_wconf 88' lang='lat' dir='ltr'><strong><em>the</em></strong></span> <span class='ocrx_word' id='word_1_222' title='bbox 1073 1975 1163 2023; x_wconf 85' lang='lat' dir='ltr'><strong><em>Cimbri</em></strong></span> 
     </span>
     <span class='ocr_line' id='line_1_25' title="bbox 210 2050 1039 2112; baseline -0.004 -13"><span class='ocrx_word' id='word_1_223' title='bbox 210 2050 258 2099; x_wconf 88' lang='lat' dir='ltr'><strong><em>and</em></strong></span> <span class='ocrx_word' id='word_1_224' title='bbox 270 2050 381 2098; x_wconf 88' lang='lat' dir='ltr'><strong><em>Teutoni.</em></strong></span> <span class='ocrx_word' id='word_1_225' title='bbox 415 2051 454 2098; x_wconf 90' lang='lat' dir='ltr'><strong><em>Cs.</em></strong></span> <span class='ocrx_word' id='word_1_226' title='bbox 466 2053 482 2097; x_wconf 88' lang='grc'>4</span> <span class='ocrx_word' id='word_1_227' title='bbox 496 2050 554 2098; x_wconf 91' lang='lat' dir='ltr'><strong><em>Cat.</em></strong></span> <span class='ocrx_word' id='word_1_228' title='bbox 567 2052 580 2110; x_wconf 68' lang='lat' dir='ltr'><strong><em>b</em></strong></span> <span class='ocrx_word' id='word_1_229' title='bbox 591 2050 620 2098; x_wconf 78' lang='lat'><strong><em>21</em></strong></span> <span class='ocrx_word' id='word_1_230' title='bbox 634 2067 640 2110; x_wconf 93' lang='lat'>;</span> <span class='ocrx_word' id='word_1_231' title='bbox 658 2051 775 2106; x_wconf 86' lang='lat' dir='ltr'><strong><em>Schmitz,</em></strong></span> <span class='ocrx_word' id='word_1_232' title='bbox 788 2051 873 2107; x_wconf 85' lang='lat' dir='ltr'><strong><em>Rome,</em></strong></span> <span class='ocrx_word' id='word_1_233' title='bbox 886 2067 923 2112; x_wconf 89' lang='lat' dir='ltr'><strong><em>pp.</em></strong></span> <span class='ocrx_word' id='word_1_234' title='bbox 935 2053 1039 2100; x_wconf 77' lang='lat'>344-49.</span> 
     </span>
    </p>

    <p class='ocr_par' dir='ltr' id='par_1_8' title="bbox 209 2128 1164 3279">
     <span class='ocr_line' id='line_1_26' title="bbox 245 2128 1163 2201; baseline 0.002 -26"><span class='ocrx_word' id='word_1_235' title='bbox 245 2130 299 2176; x_wconf 85' lang='grc'><strong><em>28.</em></strong></span> <span class='ocrx_word' id='word_1_236' title='bbox 319 2131 369 2201; x_wconf 70' lang='lat' dir='ltr'><strong><em>Cn·</em></strong></span> <span class='ocrx_word' id='word_1_237' title='bbox 382 2128 524 2184; x_wconf 76' lang='lat' dir='ltr'><strong><em>Octaviae,</em></strong></span> <span class='ocrx_word' id='word_1_238' title='bbox 537 2129 643 2174; x_wconf 82' lang='lat' dir='ltr'><strong><em>consul.</em></strong></span> <span class='ocrx_word' id='word_1_239' title='bbox 670 2129 704 2190; x_wconf 74' lang='lat' dir='ltr'><strong><em>[n.</em></strong></span> <span class='ocrx_word' id='word_1_240' title='bbox 716 2145 740 2177; x_wconf 88' lang='lat' dir='ltr'><strong><em>u.</em></strong></span> <span class='ocrx_word' id='word_1_241' title='bbox 752 2144 774 2176; x_wconf 89' lang='lat' dir='ltr'><strong><em>c.</em></strong></span> <span class='ocrx_word' id='word_1_242' title='bbox 787 2130 851 2190; x_wconf 70' lang='lat' dir='ltr'><strong><em>etit]</em></strong></span> <span class='ocrx_word' id='word_1_243' title='bbox 886 2128 915 2176; x_wconf 83' lang='lat' dir='ltr'><strong><em>L.</em></strong></span> <span class='ocrx_word' id='word_1_244' title='bbox 929 2129 1060 2177; x_wconf 81' lang='lat' dir='ltr'><strong><em>Corneliae</em></strong></span> <span class='ocrx_word' id='word_1_245' title='bbox 1073 2129 1163 2186; x_wconf 87' lang='lat' dir='ltr'><strong><em>Cinna,</em></strong></span> 
     </span>
     <span class='ocr_line' id='line_1_27' title="bbox 210 2205 1164 2270; baseline 0.001 -17"><span class='ocrx_word' id='word_1_246' title='bbox 210 2221 285 2270; x_wconf 80' lang='lat' dir='ltr'><strong><em>quum</em></strong></span> <span class='ocrx_word' id='word_1_247' title='bbox 294 2208 446 2269; x_wconf 83' lang='lat' dir='ltr'><strong><em>pernicioeae</em></strong></span> <span class='ocrx_word' id='word_1_248' title='bbox 455 2205 523 2267; x_wconf 84' lang='lat' dir='ltr'><strong><em>legee</em></strong></span> <span class='ocrx_word' id='word_1_249' title='bbox 532 2221 576 2268; x_wconf 88' lang='lat' dir='ltr'><strong><em>per</em></strong></span> <span class='ocrx_word' id='word_1_250' title='bbox 588 2208 638 2253; x_wconf 89' lang='lat' dir='ltr'><strong><em>vim</em></strong></span> <span class='ocrx_word' id='word_1_251' title='bbox 650 2213 723 2268; x_wconf 88' lang='lat' dir='ltr'><strong><em>utque</em></strong></span> <span class='ocrx_word' id='word_1_252' title='bbox 737 2222 805 2254; x_wconf 90' lang='lat' dir='ltr'><strong><em>arma</em></strong></span> <span class='ocrx_word' id='word_1_253' title='bbox 812 2205 903 2267; x_wconf 77' lang='lat' dir='ltr'><strong><em>ferret,</em></strong></span> <span class='ocrx_word' id='word_1_254' title='bbox 914 2208 1006 2270; x_wconf 83' lang='lat' dir='ltr'><strong><em>paleae</em></strong></span> <span class='ocrx_word' id='word_1_255' title='bbox 1020 2207 1078 2255; x_wconf 88' lang='lat' dir='ltr'><strong><em>arbe</em></strong></span> <span class='ocrx_word' id='word_1_256' title='bbox 1090 2224 1105 2253; x_wconf 94' lang='lat' dir='ltr'><strong><em>a</em></strong></span> <span class='ocrx_word' id='word_1_257' title='bbox 1117 2207 1164 2256; x_wconf 87' lang='lat' dir='ltr'><strong><em>Cn.</em></strong></span> 
     </span>
     <span class='ocr_line' id='line_1_28' title="bbox 212 2282 1163 2348; baseline 0 -16"><span class='ocrx_word' id='word_1_258' title='bbox 212 2283 316 2332; x_wconf 87' lang='lat' dir='ltr'><strong><em>Octauio</em></strong></span> <span class='ocrx_word' id='word_1_259' title='bbox 334 2285 438 2346; x_wconf 86' lang='lat' dir='ltr'><strong><em>collega,</em></strong></span> <span class='ocrx_word' id='word_1_260' title='bbox 456 2299 509 2330; x_wconf 89' lang='lat' dir='ltr'><strong><em>cum</em></strong></span> <span class='ocrx_word' id='word_1_261' title='bbox 528 2299 572 2331; x_wconf 77' lang='lat' dir='ltr'><strong><em>eeu</em></strong></span> <span class='ocrx_word' id='word_1_262' title='bbox 590 2282 697 2331; x_wconf 72' lang='lat' dir='ltr'><strong><em>tribunis</em></strong></span> <span class='ocrx_word' id='word_1_263' title='bbox 711 2284 810 2347; x_wconf 75' lang='lat' dir='ltr'><strong><em>plebia:</em></strong></span> <span class='ocrx_word' id='word_1_264' title='bbox 829 2286 975 2347; x_wconf 81' lang='lat' dir='ltr'><strong><em>imperioque</em></strong></span> <span class='ocrx_word' id='word_1_265' title='bbox 993 2287 1016 2332; x_wconf 87' lang='lat' dir='ltr'><strong><em>ei</em></strong></span> <span class='ocrx_word' id='word_1_266' title='bbox 1036 2284 1163 2348; x_wconf 85' lang='lat' dir='ltr'><strong><em>abrogato,</em></strong></span> 
     </span>
     <span class='ocr_line' id='line_1_29' title="bbox 210 2361 1162 2425; baseline 0.002 -16"><span class='ocrx_word' id='word_1_267' title='bbox 210 2370 353 2425; x_wconf 87' lang='lat' dir='ltr'><strong><em>corruptum</em></strong></span> <span class='ocrx_word' id='word_1_268' title='bbox 371 2361 419 2425; x_wconf 84' lang='lat' dir='ltr'><strong><em>Ap.</em></strong></span> <span class='ocrx_word' id='word_1_269' title='bbox 433 2361 536 2409; x_wconf 81' lang='lat' dir='ltr'><strong><em>Claudii</em></strong></span> <span class='ocrx_word' id='word_1_270' title='bbox 559 2364 693 2408; x_wconf 79' lang='lat' dir='ltr'><strong><em>exercitum</em></strong></span> <span class='ocrx_word' id='word_1_271' title='bbox 714 2364 740 2409; x_wconf 92' lang='lat' dir='ltr'><strong><em>in</em></strong></span> <span class='ocrx_word' id='word_1_272' title='bbox 757 2370 904 2425; x_wconf 69' lang='lat' dir='ltr'><strong><em>patestatem</em></strong></span> <span class='ocrx_word' id='word_1_273' title='bbox 924 2378 995 2409; x_wconf 82' lang='lat' dir='ltr'><strong><em>eaam</em></strong></span> <span class='ocrx_word' id='word_1_274' title='bbox 1014 2364 1120 2425; x_wconf 79' lang='lat' dir='ltr'><strong><em>redegit,</em></strong></span> <span class='ocrx_word' id='word_1_275' title='bbox 1138 2371 1162 2411; x_wconf 90' lang='lat' dir='ltr'><strong><em>et</em></strong></span> 
     </span>
     <span class='ocr_line' id='line_1_30' title="bbox 210 2435 1161 2501; baseline 0.001 -14"><span class='ocrx_word' id='word_1_276' title='bbox 210 2437 301 2488; x_wconf 89' lang='lat' dir='ltr'><strong><em>bellam</em></strong></span> <span class='ocrx_word' id='word_1_277' title='bbox 312 2438 367 2487; x_wconf 91' lang='lat' dir='ltr'><strong><em>arbi</em></strong></span> <span class='ocrx_word' id='word_1_278' title='bbox 379 2440 473 2496; x_wconf 85' lang='lat' dir='ltr'><strong><em>intulit,</em></strong></span> <span class='ocrx_word' id='word_1_279' title='bbox 486 2435 603 2487; x_wconf 84' lang='lat' dir='ltr'><strong><em>arceeeito</em></strong></span> <span class='ocrx_word' id='word_1_280' title='bbox 618 2440 646 2487; x_wconf 91' lang='lat' dir='ltr'><strong><em>C.</em></strong></span> <span class='ocrx_word' id='word_1_281' title='bbox 656 2438 736 2487; x_wconf 85' lang='lat' dir='ltr'><strong><em>Mario</em></strong></span> <span class='ocrx_word' id='word_1_282' title='bbox 746 2458 776 2487; x_wconf 80' lang='lat' dir='ltr'><strong><em>en</em></strong></span> <span class='ocrx_word' id='word_1_283' title='bbox 788 2439 876 2501; x_wconf 78' lang='lat' dir='ltr'><strong><em>Africa</em></strong></span> <span class='ocrx_word' id='word_1_284' title='bbox 886 2456 941 2487; x_wconf 90' lang='lat' dir='ltr'><strong><em>eum</em></strong></span> <span class='ocrx_word' id='word_1_285' title='bbox 950 2441 1009 2488; x_wconf 85' lang='lat' dir='ltr'><strong><em>aliie</em></strong></span> <span class='ocrx_word' id='word_1_286' title='bbox 1018 2440 1161 2489; x_wconf 70' lang='lat' dir='ltr'><strong><em>exsulibus.-</em></strong></span> 
     </span>
     <span class='ocr_line' id='line_1_31' title="bbox 211 2516 1161 2581; baseline 0.002 -16"><span class='ocrx_word' id='word_1_287' title='bbox 211 2519 237 2565; x_wconf 91' lang='lat' dir='ltr'><strong><em>in</em></strong></span> <span class='ocrx_word' id='word_1_288' title='bbox 249 2534 294 2580; x_wconf 83' lang='lat' dir='ltr'><strong><em>quo</em></strong></span> <span class='ocrx_word' id='word_1_289' title='bbox 306 2516 367 2565; x_wconf 92' lang='lat' dir='ltr'><strong><em>bello</em></strong></span> <span class='ocrx_word' id='word_1_290' title='bbox 380 2517 428 2565; x_wconf 91' lang='lat' dir='ltr'><strong><em>duo</em></strong></span> <span class='ocrx_word' id='word_1_291' title='bbox 442 2517 550 2579; x_wconf 83' lang='lat' dir='ltr'><strong><em>fratrae,</em></strong></span> <span class='ocrx_word' id='word_1_292' title='bbox 563 2518 626 2565; x_wconf 87' lang='lat' dir='ltr'><strong><em>alter</em></strong></span> <span class='ocrx_word' id='word_1_293' title='bbox 638 2534 668 2564; x_wconf 82' lang='lat' dir='ltr'><strong><em>en</em></strong></span> <span class='ocrx_word' id='word_1_294' title='bbox 680 2517 794 2581; x_wconf 87' lang='lat' dir='ltr'><strong><em>Pompeii</em></strong></span> <span class='ocrx_word' id='word_1_295' title='bbox 806 2520 925 2572; x_wconf 75' lang='lat' dir='ltr'><strong><em>exercitu,</em></strong></span> <span class='ocrx_word' id='word_1_296' title='bbox 939 2519 1002 2565; x_wconf 89' lang='lat' dir='ltr'><strong><em>alter</em></strong></span> <span class='ocrx_word' id='word_1_297' title='bbox 1013 2535 1044 2565; x_wconf 80' lang='lat' dir='ltr'><strong><em>eu</em></strong></span> <span class='ocrx_word' id='word_1_298' title='bbox 1065 2519 1161 2575; x_wconf 80' lang='lat' dir='ltr'><strong><em>Cinna,</em></strong></span> 
     </span>
     <span class='ocr_line' id='line_1_32' title="bbox 210 2594 1161 2658; baseline 0 -16"><span class='ocrx_word' id='word_1_299' title='bbox 210 2595 354 2657; x_wconf 73' lang='lat' dir='ltr'><strong><em>ignoranter</em></strong></span> <span class='ocrx_word' id='word_1_300' title='bbox 366 2601 560 2642; x_wconf 87' lang='lat' dir='ltr'><strong><em>concurrerunt:</em></strong></span> <span class='ocrx_word' id='word_1_301' title='bbox 579 2602 611 2650; x_wconf 89' lang='lat' dir='ltr'><strong><em>et,</em></strong></span> <span class='ocrx_word' id='word_1_302' title='bbox 623 2609 698 2656; x_wconf 83' lang='lat' dir='ltr'><strong><em>quum</em></strong></span> <span class='ocrx_word' id='word_1_303' title='bbox 715 2596 793 2641; x_wconf 85' lang='lat' dir='ltr'><strong><em>nictor</em></strong></span> <span class='ocrx_word' id='word_1_304' title='bbox 809 2594 925 2657; x_wconf 85' lang='lat' dir='ltr'><strong><em>apoliaret</em></strong></span> <span class='ocrx_word' id='word_1_305' title='bbox 942 2596 1057 2652; x_wconf 72' lang='lat' dir='ltr'><strong><em>occisum,</em></strong></span> <span class='ocrx_word' id='word_1_306' title='bbox 1075 2598 1161 2658; x_wconf 86' lang='lat' dir='ltr'><strong><em>agnito</em></strong></span> 
     </span>
     <span class='ocr_line' id='line_1_33' title="bbox 213 2671 1160 2735; baseline 0.001 -16"><span class='ocrx_word' id='word_1_307' title='bbox 213 2671 309 2734; x_wconf 86' lang='lat' dir='ltr'><strong><em>sratre,</em></strong></span> <span class='ocrx_word' id='word_1_308' title='bbox 321 2674 419 2734; x_wconf 86' lang='lat' dir='ltr'><strong><em>ingenti</em></strong></span> <span class='ocrx_word' id='word_1_309' title='bbox 437 2673 609 2718; x_wconf 87' lang='lat' dir='ltr'><strong><em>lamentatione</em></strong></span> <span class='ocrx_word' id='word_1_310' title='bbox 621 2671 697 2727; x_wconf 89' lang='lat' dir='ltr'><strong><em>edita,</em></strong></span> <span class='ocrx_word' id='word_1_311' title='bbox 709 2687 769 2733; x_wconf 78' lang='lat' dir='ltr'><strong><em>rogo</em></strong></span> <span class='ocrx_word' id='word_1_312' title='bbox 781 2675 803 2718; x_wconf 89' lang='lat' dir='ltr'><strong><em>ei</em></strong></span> <span class='ocrx_word' id='word_1_313' title='bbox 820 2678 954 2728; x_wconf 73' lang='lat' dir='ltr'><strong><em>exstructo,</em></strong></span> <span class='ocrx_word' id='word_1_314' title='bbox 968 2675 1018 2734; x_wconf 82' lang='lat' dir='ltr'><strong><em>ipae</em></strong></span> <span class='ocrx_word' id='word_1_315' title='bbox 1036 2689 1111 2735; x_wconf 83' lang='lat' dir='ltr'><strong><em>capra</em></strong></span> <span class='ocrx_word' id='word_1_316' title='bbox 1122 2689 1160 2720; x_wconf 88' lang='lat' dir='ltr'><strong><em>ra-</em></strong></span> 
     </span>
     <span class='ocr_line' id='line_1_34' title="bbox 209 2748 1161 2814; baseline 0 -17"><span class='ocrx_word' id='word_1_317' title='bbox 209 2766 272 2814; x_wconf 79' lang='lat' dir='ltr'><strong><em>gam</em></strong></span> <span class='ocrx_word' id='word_1_318' title='bbox 283 2766 309 2797; x_wconf 88' lang='lat' dir='ltr'><strong><em>ae</em></strong></span> <span class='ocrx_word' id='word_1_319' title='bbox 322 2749 466 2810; x_wconf 70' lang='lat' dir='ltr'><strong><em>transfodit,</em></strong></span> <span class='ocrx_word' id='word_1_320' title='bbox 476 2756 500 2796; x_wconf 85' lang='lat' dir='ltr'><strong><em>et</em></strong></span> <span class='ocrx_word' id='word_1_321' title='bbox 512 2748 594 2796; x_wconf 89' lang='lat' dir='ltr'><strong><em>eodem</em></strong></span> <span class='ocrx_word' id='word_1_322' title='bbox 608 2750 662 2810; x_wconf 86' lang='lat' dir='ltr'><strong><em>igni</em></strong></span> <span class='ocrx_word' id='word_1_323' title='bbox 675 2757 833 2812; x_wconf 79' lang='lat' dir='ltr'><strong><em>consumptae</em></strong></span> <span class='ocrx_word' id='word_1_324' title='bbox 844 2757 888 2796; x_wconf 84' lang='lat' dir='ltr'><strong><em>eet.</em></strong></span> <span class='ocrx_word' id='word_1_325' title='bbox 922 2749 957 2796; x_wconf 89' lang='lat' dir='ltr'><strong><em>Et</em></strong></span> <span class='ocrx_word' id='word_1_326' title='bbox 970 2764 1046 2812; x_wconf 80' lang='lat' dir='ltr'><strong><em>quum</em></strong></span> <span class='ocrx_word' id='word_1_327' title='bbox 1057 2752 1161 2813; x_wconf 81' lang='lat' dir='ltr'><strong><em>opprimi</em></strong></span> 
     </span>
     <span class='ocr_line' id='line_1_35' title="bbox 210 2824 1159 2894; baseline -0.001 -18"><span class='ocrx_word' id='word_1_328' title='bbox 210 2830 275 2876; x_wconf 86' lang='lat' dir='ltr'><strong><em>inter</em></strong></span> <span class='ocrx_word' id='word_1_329' title='bbox 292 2828 366 2875; x_wconf 88' lang='lat' dir='ltr'><strong><em>initia</em></strong></span> <span class='ocrx_word' id='word_1_330' title='bbox 380 2829 529 2894; x_wconf 84' lang='lat' dir='ltr'><strong><em>potuieacnt,</em></strong></span> <span class='ocrx_word' id='word_1_331' title='bbox 549 2826 595 2873; x_wconf 88' lang='lat' dir='ltr'><strong><em>Cn.</em></strong></span> <span class='ocrx_word' id='word_1_332' title='bbox 606 2824 721 2889; x_wconf 84' lang='lat' dir='ltr'><strong><em>Pompeii</em></strong></span> <span class='ocrx_word' id='word_1_333' title='bbox 734 2826 838 2887; x_wconf 78' lang='lat' dir='ltr'><strong><em>fraude,</em></strong></span> <span class='ocrx_word' id='word_1_334' title='bbox 851 2830 902 2889; x_wconf 83' lang='lat' dir='ltr'><strong><em>qui,</em></strong></span> <span class='ocrx_word' id='word_1_335' title='bbox 919 2835 1048 2890; x_wconf 80' lang='lat' dir='ltr'><strong><em>utramque</em></strong></span> <span class='ocrx_word' id='word_1_336' title='bbox 1064 2836 1159 2892; x_wconf 89' lang='lat' dir='ltr'><strong><em>partem</em></strong></span> 
     </span>
     <span class='ocr_line' id='line_1_36' title="bbox 213 2894 1160 2969; baseline 0 -16"><span class='ocrx_word' id='word_1_337' title='bbox 213 2904 331 2968; x_wconf 83' lang='lat' dir='ltr'><strong><em>fouendo,</em></strong></span> <span class='ocrx_word' id='word_1_338' title='bbox 343 2906 408 2951; x_wconf 82' lang='lat' dir='ltr'><strong><em>virae</em></strong></span> <span class='ocrx_word' id='word_1_339' title='bbox 430 2894 515 2951; x_wconf 82' lang='lat' dir='ltr'><strong><em>Cinna</em></strong></span> <span class='ocrx_word' id='word_1_340' title='bbox 534 2903 611 2959; x_wconf 88' lang='lat' dir='ltr'><strong><em>dedit,</em></strong></span> <span class='ocrx_word' id='word_1_341' title='bbox 624 2920 667 2951; x_wconf 89' lang='lat' dir='ltr'><strong><em>nec</em></strong></span> <span class='ocrx_word' id='word_1_342' title='bbox 688 2907 738 2951; x_wconf 83' lang='lat' dir='ltr'><strong><em>aiei</em></strong></span> <span class='ocrx_word' id='word_1_343' title='bbox 755 2905 899 2968; x_wconf 72' lang='lat' dir='ltr'><strong><em>profligatis</em></strong></span> <span class='ocrx_word' id='word_1_344' title='bbox 916 2907 1071 2969; x_wconf 88' lang='lat' dir='ltr'><strong><em>optimatium</em></strong></span> <span class='ocrx_word' id='word_1_345' title='bbox 1088 2906 1160 2954; x_wconf 86' lang='lat' dir='ltr'><strong><em>rebue</em></strong></span> 
     </span>
     <span class='ocr_line' id='line_1_37' title="bbox 210 2982 1158 3047; baseline 0.002 -17"><span class='ocrx_word' id='word_1_346' title='bbox 210 2984 334 3030; x_wconf 76' lang='lat' dir='ltr'><strong><em>auxilium</em></strong></span> <span class='ocrx_word' id='word_1_347' title='bbox 346 2983 446 3038; x_wconf 89' lang='lat' dir='ltr'><strong><em>talit,et</em></strong></span> <span class='ocrx_word' id='word_1_348' title='bbox 458 2983 566 3029; x_wconf 87' lang='lat' dir='ltr'><strong><em>coueulie</em></strong></span> <span class='ocrx_word' id='word_1_349' title='bbox 577 2984 685 3044; x_wconf 80' lang='lat' dir='ltr'><strong><em>aegnitie</em></strong></span> <span class='ocrx_word' id='word_1_350' title='bbox 698 2983 836 3044; x_wconf 84' lang='lat' dir='ltr'><strong><em>confirmati</em></strong></span> <span class='ocrx_word' id='word_1_351' title='bbox 850 2983 932 3030; x_wconf 89' lang='lat' dir='ltr'><strong><em>Cinna</em></strong></span> <span class='ocrx_word' id='word_1_352' title='bbox 942 2990 966 3030; x_wconf 85' lang='lat' dir='ltr'><strong><em>et</em></strong></span> <span class='ocrx_word' id='word_1_353' title='bbox 978 2982 1076 3047; x_wconf 81' lang='lat' dir='ltr'><strong><em>Mariua</em></strong></span> <span class='ocrx_word' id='word_1_354' title='bbox 1086 2992 1158 3047; x_wconf 85' lang='lat' dir='ltr'><strong><em>quat-</em></strong></span> 
     </span>
     <span class='ocr_line' id='line_1_38' title="bbox 211 3058 1158 3121; baseline 0 -12"><span class='ocrx_word' id='word_1_355' title='bbox 211 3068 266 3109; x_wconf 93' lang='lat' dir='ltr'><strong><em>tuor</em></strong></span> <span class='ocrx_word' id='word_1_356' title='bbox 287 3059 445 3115; x_wconf 82' lang='lat' dir='ltr'><strong><em>onercitibae,</em></strong></span> <span class='ocrx_word' id='word_1_357' title='bbox 458 3075 488 3106; x_wconf 81' lang='lat' dir='ltr'><strong><em>ex</em></strong></span> <span class='ocrx_word' id='word_1_358' title='bbox 507 3058 596 3121; x_wconf 82' lang='lat' dir='ltr'><strong><em>quibua</em></strong></span> <span class='ocrx_word' id='word_1_359' title='bbox 614 3059 661 3106; x_wconf 90' lang='lat' dir='ltr'><strong><em>duo</em></strong></span> <span class='ocrx_word' id='word_1_360' title='bbox 682 3060 711 3118; x_wconf 83' lang='lat' dir='ltr'><strong><em>Q.</em></strong></span> <span class='ocrx_word' id='word_1_361' title='bbox 725 3060 835 3107; x_wconf 83' lang='lat' dir='ltr'><strong><em>Sertorio</em></strong></span> <span class='ocrx_word' id='word_1_362' title='bbox 853 3069 876 3108; x_wconf 87' lang='lat' dir='ltr'><strong><em>et</em></strong></span> <span class='ocrx_word' id='word_1_363' title='bbox 896 3060 1004 3109; x_wconf 91' lang='lat' dir='ltr'><strong><em>Carboni</em></strong></span> <span class='ocrx_word' id='word_1_364' title='bbox 1021 3060 1075 3107; x_wconf 85' lang='lat' dir='ltr'><strong><em>dati</em></strong></span> <span class='ocrx_word' id='word_1_365' title='bbox 1091 3070 1158 3118; x_wconf 87' lang='lat' dir='ltr'><strong><em>eant,</em></strong></span> 
     </span>
     <span class='ocr_line' id='line_1_39' title="bbox 210 3136 1158 3201; baseline 0.001 -16"><span class='ocrx_word' id='word_1_366' title='bbox 210 3138 292 3186; x_wconf 85' lang='lat' dir='ltr'><strong><em>arbem</em></strong></span> <span class='ocrx_word' id='word_1_367' title='bbox 313 3137 529 3184; x_wconf 77' lang='lat' dir='ltr'><strong><em>circumsederunt.</em></strong></span> <span class='ocrx_word' id='word_1_368' title='bbox 576 3136 672 3184; x_wconf 78' lang='lat' dir='ltr'><strong><em>Ostiam</em></strong></span> <span class='ocrx_word' id='word_1_369' title='bbox 697 3139 813 3185; x_wconf 85' lang='lat' dir='ltr'><strong><em>coloniam</em></strong></span> <span class='ocrx_word' id='word_1_370' title='bbox 834 3137 931 3186; x_wconf 79' lang='lat' dir='ltr'><strong><em>Mariae</em></strong></span> <span class='ocrx_word' id='word_1_371' title='bbox 951 3141 1113 3201; x_wconf 74' lang='lat' dir='ltr'><strong><em>expugnavit,</em></strong></span> <span class='ocrx_word' id='word_1_372' title='bbox 1134 3146 1158 3186; x_wconf 86' lang='lat' dir='ltr'><strong><em>et</em></strong></span> 
     </span>
     <span class='ocr_line' id='line_1_40' title="bbox 210 3214 1093 3279; baseline -0.001 -16"><span class='ocrx_word' id='word_1_373' title='bbox 210 3215 344 3263; x_wconf 79' lang='lat' dir='ltr'><strong><em>crudeliter</em></strong></span> <span class='ocrx_word' id='word_1_374' title='bbox 356 3214 467 3279; x_wconf 86' lang='lat' dir='ltr'><strong><em>diripuit.</em></strong></span> <span class='ocrx_word' id='word_1_375' title='bbox 501 3214 553 3263; x_wconf 83' lang='lat' dir='ltr'><strong><em>Liv.</em></strong></span> <span class='ocrx_word' id='word_1_376' title='bbox 566 3214 636 3279; x_wconf 81' lang='lat' dir='ltr'><strong><em>Epic.</em></strong></span> <span class='ocrx_word' id='word_1_377' title='bbox 650 3217 687 3264; x_wconf 84' lang='lat'><strong><em>79.</em></strong></span> <span class='ocrx_word' id='word_1_378' title='bbox 721 3216 837 3271; x_wconf 86' lang='lat' dir='ltr'><strong><em>Schmitz,</em></strong></span> <span class='ocrx_word' id='word_1_379' title='bbox 850 3216 933 3272; x_wconf 84' lang='lat' dir='ltr'><strong><em>Rome,</em></strong></span> <span class='ocrx_word' id='word_1_380' title='bbox 946 3232 967 3277; x_wconf 90' lang='lat' dir='ltr'><strong><em>p.</em></strong></span> <span class='ocrx_word' id='word_1_381' title='bbox 979 3218 1035 3272; x_wconf 82' lang='lat'><strong><em>360,</em></strong></span> <span class='ocrx_word' id='word_1_382' title='bbox 1047 3218 1093 3264; x_wconf 88' lang='lat' dir='ltr'><strong><em>foll.</em></strong></span> 
     </span>
    </p>

    <p class='ocr_par' dir='ltr' id='par_1_9' title="bbox 210 3292 1158 3432">
     <span class='ocr_line' id='line_1_41' title="bbox 244 3292 1158 3349; baseline 0.003 -10"><span class='ocrx_word' id='word_1_383' title='bbox 244 3293 298 3339; x_wconf 86' lang='grc'><strong><em>29.</em></strong></span> <span class='ocrx_word' id='word_1_384' title='bbox 317 3293 414 3338; x_wconf 80' lang='lat' dir='ltr'><strong><em>Omnis</em></strong></span> <span class='ocrx_word' id='word_1_385' title='bbox 429 3293 475 3339; x_wconf 83' lang='lat' dir='ltr'><strong><em>hic</em></strong></span> <span class='ocrx_word' id='word_1_386' title='bbox 493 3293 578 3339; x_wconf 81' lang='lat' dir='ltr'><strong><em>locus·</em></strong></span> <span class='ocrx_word' id='word_1_387' title='bbox 613 3292 668 3340; x_wconf 86' lang='lat' dir='ltr'><strong><em>The</em></strong></span> <span class='ocrx_word' id='word_1_388' title='bbox 687 3295 773 3349; x_wconf 88' lang='lat' dir='ltr'><strong><em>soram,</em></strong></span> <span class='ocrx_word' id='word_1_389' title='bbox 786 3295 864 3340; x_wconf 85' lang='lat' dir='ltr'><strong><em>where</em></strong></span> <span class='ocrx_word' id='word_1_390' title='bbox 878 3294 919 3339; x_wconf 90' lang='lat' dir='ltr'><strong><em>the</em></strong></span> <span class='ocrx_word' id='word_1_391' title='bbox 936 3293 1032 3341; x_wconf 76' lang='lat' dir='ltr'><strong><em>coteflict</em></strong></span> <span class='ocrx_word' id='word_1_392' title='bbox 1050 3296 1158 3342; x_wconf 86' lang='lat' dir='ltr'><strong><em>between</em></strong></span> 
     </span>
     <span class='ocr_line' id='line_1_42' title="bbox 210 3368 932 3432; baseline 0 -16"><span class='ocrx_word' id='word_1_393' title='bbox 210 3368 329 3418; x_wconf 83' lang='lat' dir='ltr'><strong><em>Octaviae</em></strong></span> <span class='ocrx_word' id='word_1_394' title='bbox 341 3371 387 3417; x_wconf 87' lang='lat' dir='ltr'><strong><em>and</em></strong></span> <span class='ocrx_word' id='word_1_395' title='bbox 400 3370 480 3417; x_wconf 89' lang='lat' dir='ltr'><strong><em>Cinna</em></strong></span> <span class='ocrx_word' id='word_1_396' title='bbox 491 3372 540 3418; x_wconf 90' lang='lat' dir='ltr'><strong><em>had</em></strong></span> <span class='ocrx_word' id='word_1_397' title='bbox 556 3370 630 3418; x_wconf 88' lang='lat' dir='ltr'><strong><em>taken</em></strong></span> <span class='ocrx_word' id='word_1_398' title='bbox 642 3372 717 3432; x_wconf 85' lang='lat' dir='ltr'><strong><em>place.</em></strong></span> <span class='ocrx_word' id='word_1_399' title='bbox 751 3371 801 3418; x_wconf 87' lang='lat' dir='ltr'><strong><em>Hie</em></strong></span> <span class='ocrx_word' id='word_1_400' title='bbox 817 3371 932 3420; x_wconf 74' lang='grc' dir='ltr'><strong><em>δεικτικῶς.</em></strong></span> 
     </span>
    </p>

    <p class='ocr_par' dir='ltr' id='par_1_10' title="bbox 209 3448 1158 3816">
     <span class='ocr_line' id='line_1_43' title="bbox 244 3448 1158 3512; baseline 0.003 -19"><span class='ocrx_word' id='word_1_401' title='bbox 244 3449 300 3493; x_wconf 81' lang='grc'><strong><em>30.</em></strong></span> <span class='ocrx_word' id='word_1_402' title='bbox 319 3448 407 3494; x_wconf 78' lang='lat' dir='ltr'><strong><em>Cinna</em></strong></span> <span class='ocrx_word' id='word_1_403' title='bbox 424 3459 486 3493; x_wconf 87' lang='lat' dir='ltr'><strong><em>cum</em></strong></span> <span class='ocrx_word' id='word_1_404' title='bbox 504 3449 605 3494; x_wconf 81' lang='lat' dir='ltr'><strong><em>Mario·</em></strong></span> <span class='ocrx_word' id='word_1_405' title='bbox 641 3448 741 3496; x_wconf 88' lang='lat' dir='ltr'><strong><em>Italieie</em></strong></span> <span class='ocrx_word' id='word_1_406' title='bbox 755 3449 855 3512; x_wconf 80' lang='lat' dir='ltr'><strong><em>papalia</em></strong></span> <span class='ocrx_word' id='word_1_407' title='bbox 867 3465 882 3495; x_wconf 92' lang='lat' dir='ltr'><strong><em>a</em></strong></span> <span class='ocrx_word' id='word_1_408' title='bbox 894 3457 983 3495; x_wconf 86' lang='lat' dir='ltr'><strong><em>eenata</em></strong></span> <span class='ocrx_word' id='word_1_409' title='bbox 995 3451 1086 3495; x_wconf 89' lang='lat' dir='ltr'><strong><em>civitae</em></strong></span> <span class='ocrx_word' id='word_1_410' title='bbox 1098 3448 1158 3496; x_wconf 89' lang='lat' dir='ltr'><strong><em>data</em></strong></span> 
     </span>
     <span class='ocr_line' id='line_1_44' title="bbox 210 3523 1157 3587; baseline 0.002 -15"><span class='ocrx_word' id='word_1_411' title='bbox 210 3531 255 3572; x_wconf 84' lang='lat' dir='ltr'><strong><em>eet.</em></strong></span> <span class='ocrx_word' id='word_1_412' title='bbox 289 3523 423 3581; x_wconf 78' lang='lat' dir='ltr'><strong><em>Samnitee,</em></strong></span> <span class='ocrx_word' id='word_1_413' title='bbox 442 3527 483 3587; x_wconf 84' lang='lat' dir='ltr'><strong><em>qai</em></strong></span> <span class='ocrx_word' id='word_1_414' title='bbox 500 3526 547 3572; x_wconf 83' lang='lat' dir='ltr'><strong><em>coli</em></strong></span> <span class='ocrx_word' id='word_1_415' title='bbox 564 3541 633 3572; x_wconf 86' lang='lat' dir='ltr'><strong><em>arrna</em></strong></span> <span class='ocrx_word' id='word_1_416' title='bbox 650 3525 799 3581; x_wconf 86' lang='lat' dir='ltr'><strong><em>retinebant,</em></strong></span> <span class='ocrx_word' id='word_1_417' title='bbox 813 3525 899 3573; x_wconf 83' lang='lat' dir='ltr'><strong><em>Cinna</em></strong></span> <span class='ocrx_word' id='word_1_418' title='bbox 911 3534 934 3572; x_wconf 87' lang='lat' dir='ltr'><strong><em>et</em></strong></span> <span class='ocrx_word' id='word_1_419' title='bbox 956 3525 1035 3573; x_wconf 85' lang='lat' dir='ltr'><strong><em>Mario</em></strong></span> <span class='ocrx_word' id='word_1_420' title='bbox 1057 3542 1082 3573; x_wconf 88' lang='lat' dir='ltr'><strong><em>ec</em></strong></span> <span class='ocrx_word' id='word_1_421' title='bbox 1103 3543 1157 3574; x_wconf 92' lang='lat' dir='ltr'><strong><em>con-</em></strong></span> 
     </span>
     <span class='ocr_line' id='line_1_45' title="bbox 210 3601 1157 3665; baseline 0.003 -17"><span class='ocrx_word' id='word_1_422' title='bbox 210 3603 358 3665; x_wconf 73' lang='lat' dir='ltr'><strong><em>junxerant.</em></strong></span> <span class='ocrx_word' id='word_1_423' title='bbox 392 3601 430 3649; x_wconf 80' lang='lat' dir='ltr'><strong><em>Ab</em></strong></span> <span class='ocrx_word' id='word_1_424' title='bbox 443 3604 474 3649; x_wconf 81' lang='lat' dir='ltr'><strong><em>iic</em></strong></span> <span class='ocrx_word' id='word_1_425' title='bbox 486 3602 605 3650; x_wconf 82' lang='lat' dir='ltr'><strong><em>Plautiae</em></strong></span> <span class='ocrx_word' id='word_1_426' title='bbox 616 3617 671 3650; x_wconf 88' lang='lat' dir='ltr'><strong><em>cum</em></strong></span> <span class='ocrx_word' id='word_1_427' title='bbox 683 3606 793 3650; x_wconf 70' lang='lat' dir='ltr'><strong><em>exercitu</em></strong></span> <span class='ocrx_word' id='word_1_428' title='bbox 806 3617 884 3649; x_wconf 81' lang='lat' dir='ltr'><strong><em>caena</em></strong></span> <span class='ocrx_word' id='word_1_429' title='bbox 893 3611 936 3650; x_wconf 82' lang='lat' dir='ltr'><strong><em>eet.</em></strong></span> <span class='ocrx_word' id='word_1_430' title='bbox 973 3603 1054 3650; x_wconf 88' lang='lat' dir='ltr'><strong><em>Cinna</em></strong></span> <span class='ocrx_word' id='word_1_431' title='bbox 1066 3611 1090 3651; x_wconf 89' lang='lat' dir='ltr'><strong><em>et</em></strong></span> <span class='ocrx_word' id='word_1_432' title='bbox 1102 3603 1157 3652; x_wconf 83' lang='lat' dir='ltr'><strong><em>Ma·</em></strong></span> 
     </span>
     <span class='ocr_line' id='line_1_46' title="bbox 209 3678 1157 3745; baseline 0.001 -17"><span class='ocrx_word' id='word_1_433' title='bbox 209 3681 264 3728; x_wconf 82' lang='lat' dir='ltr'><strong><em>riae</em></strong></span> <span class='ocrx_word' id='word_1_434' title='bbox 275 3694 328 3727; x_wconf 88' lang='lat' dir='ltr'><strong><em>eam</em></strong></span> <span class='ocrx_word' id='word_1_435' title='bbox 342 3678 451 3727; x_wconf 90' lang='lat' dir='ltr'><strong><em>Carbone</em></strong></span> <span class='ocrx_word' id='word_1_436' title='bbox 464 3688 486 3727; x_wconf 90' lang='lat' dir='ltr'><strong><em>et</em></strong></span> <span class='ocrx_word' id='word_1_437' title='bbox 505 3680 613 3727; x_wconf 81' lang='lat' dir='ltr'><strong><em>Sertorio</em></strong></span> <span class='ocrx_word' id='word_1_438' title='bbox 625 3681 770 3728; x_wconf 75' lang='lat' dir='ltr'><strong><em>,Ianiculum</em></strong></span> <span class='ocrx_word' id='word_1_439' title='bbox 788 3689 974 3744; x_wconf 87' lang='lat' dir='ltr'><strong><em>occupauerunt,</em></strong></span> <span class='ocrx_word' id='word_1_440' title='bbox 988 3689 1012 3729; x_wconf 89' lang='lat' dir='ltr'><strong><em>ct</em></strong></span> <span class='ocrx_word' id='word_1_441' title='bbox 1023 3681 1114 3745; x_wconf 77' lang='lat' dir='ltr'><strong><em>jugati</em></strong></span> <span class='ocrx_word' id='word_1_442' title='bbox 1127 3681 1157 3729; x_wconf 92' lang='lat' dir='ltr'><strong><em>ab</em></strong></span> 
     </span>
     <span class='ocr_line' id='line_1_47' title="bbox 211 3758 1157 3816; baseline -0.002 -8"><span class='ocrx_word' id='word_1_443' title='bbox 211 3758 314 3808; x_wconf 87' lang='lat' dir='ltr'><strong><em>Octauio</em></strong></span> <span class='ocrx_word' id='word_1_444' title='bbox 326 3759 424 3807; x_wconf 84' lang='lat' dir='ltr'><strong><em>coneale</em></strong></span> <span class='ocrx_word' id='word_1_445' title='bbox 435 3766 593 3807; x_wconf 86' lang='lat' dir='ltr'><strong><em>receccerunt.</em></strong></span> <span class='ocrx_word' id='word_1_446' title='bbox 626 3758 725 3806; x_wconf 82' lang='lat' dir='ltr'><strong><em>Mariae</em></strong></span> <span class='ocrx_word' id='word_1_447' title='bbox 737 3758 849 3816; x_wconf 81' lang='lat' dir='ltr'><strong><em>Antium,</em></strong></span> <span class='ocrx_word' id='word_1_448' title='bbox 862 3767 885 3806; x_wconf 89' lang='lat' dir='ltr'><strong><em>et</em></strong></span> <span class='ocrx_word' id='word_1_449' title='bbox 897 3760 1017 3816; x_wconf 84' lang='lat' dir='ltr'><strong><em>Ariciam,</em></strong></span> <span class='ocrx_word' id='word_1_450' title='bbox 1029 3768 1054 3808; x_wconf 83' lang='lat' dir='ltr'><strong><em>rt</em></strong></span> <span class='ocrx_word' id='word_1_451' title='bbox 1071 3759 1157 3809; x_wconf 87' lang='lat' dir='ltr'><strong><em>Lana·</em></strong></span> 
     </span>
    </p>
   </div>
   <div class='ocr_carea' id='block_1_2' title="bbox 0 0 1376 4384">
    <p class='ocr_par' dir='ltr' id='par_1_11' title="bbox 0 0 1376 4384">
     <span class='ocr_line' id='line_1_48' title="bbox 0 0 1376 4384; baseline 0 2"><span class='ocrx_word' id='word_1_452' title='bbox 0 0 1376 4384; x_wconf 95' lang='lat' dir='ltr'><strong><em> </em></strong></span> 
     </span>
    </p>
   </div>
  </div>
 </body>
</html>
