2742 4384
199 278 239 334 to
447 292 555 335 onemo
576 294 616 335 rr.
631 294 664 333 m
687 293 854 342 commin,
869 291 935 334 oar.
950 292 990 333 ιιι

248 440 305 478 non
318 421 404 480 modo
427 423 455 480 in
476 422 531 481 hoo
553 424 669 501 populo,
684 424 733 501 qui
754 429 883 480 servatus
903 428 955 489 est,
970 423 1020 480 sed
1043 419 1153 501 [etiam]
1167 422 1196 480 in

248 501 372 558 omnium
395 502 522 579 gentium
537 503 712 560 sermonibus
732 502 921 561 sementibus
941 520 1054 577 semper
1066 502 1194 570 haerebit,

248 597 266 635 a
279 599 325 636 me
345 587 430 671 atque
443 599 461 637 a
474 580 542 637 meis
556 581 637 638 facile
652 580 811 672 propulsari
835 598 918 658 posse
932 580 1075 637 confido
1093 580 1195 657 Neque

247 658 306 714 ulla
329 660 457 736 profecto
481 667 561 716 tanta
573 660 615 716 vis
635 662 799 737 reperietur,
820 679 885 735 quae
908 658 1133 735 conjunctionem
1147 678 1194 716 ve-

219 742 335 794 bstram
360 738 540 828 equitumque
565 738 757 796 Romanorum
777 744 806 795 et
830 746 938 795 tentam
960 737 1195 814 conspirationem

247 817 384 873 bonorum
399 816 523 873 omnium
537 817 710 908 confringere
724 825 754 875 et
766 817 939 874 labefactare
953 817 1050 891 possit
1058 838 1071 875 ›-

286 895 337 952 XI.
374 902 420 952 23.
439 897 511 964 Quae
527 915 614 972 quum
627 896 667 952 ita
681 896 743 962 sint,
724 897 810 954 ttPa
798 902 855 951 tres
869 894 1027 970 conscripti,
1042 913 1095 971 pro
1106 914 1194 972 impe

246 972 295 1039 rio,
311 992 363 1051 pro
377 974 509 1040 exercitu,
522 993 573 1050 pro
588 974 738 1051 provincia,
750 992 836 1051 quam
849 973 968 1051 neglexi,
984 992 1036 1050 pro
1049 973 1195 1051 triumpho

247 1053 403 1129 ceterisque
422 1052 512 1110 laudis
533 1052 779 1130 insignibusque
799 1059 904 1109 sunta
916 1070 962 1109 me
983 1060 1099 1128 propter
1116 1053 1194 1111 urbis

199 1133 236 1187 10
247 1139 406 1221 vestraeque
421 1131 518 1188 salutis
532 1132 689 1189 custodiam
706 1132 863 1209 repudiata,
879 1149 931 1206 pro
945 1130 1079 1189 clientelis
1099 1131 1194 1208 hospi·

246 1209 348 1285 tiisque
358 1209 583 1286 provincialibus,
594 1229 659 1286 quae
673 1219 767 1268 tamen
781 1210 894 1267 urbanis
902 1209 1004 1287 opibus
1017 1229 1073 1266 non
1087 1210 1194 1271 minore

246 1286 343 1345 labore
357 1296 446 1354 tueor,
461 1307 547 1364 quam
561 1307 711 1365 comparo:
733 1308 786 1366 pro
800 1287 908 1346 his't
856 1288 908 1366 igit
908 1309 942 1345 ur
956 1288 1085 1347 omnibus
1098 1289 1193 1356 rebus,

246 1385 299 1442 pro
325 1367 395 1423 meis
421 1367 449 1424 in
463 1386 515 1424 vos
542 1367 731 1445 singularibus
758 1367 866 1434 studiis,
889 1386 998 1445 proque
1020 1367 1084 1433 hac,
1101 1386 1194 1445 qnam

247 1445 414 1522 conspicitis,
429 1445 467 1503 cd
490 1446 710 1504 conservandam
729 1466 789 1504 rem
804 1446 946 1524 publicam
960 1445 1084 1524 diligent'
1077 1464 1104 1502 ra
1126 1445 1194 1503 nihil

200 1527 235 1581 15
246 1541 265 1579 a
278 1524 357 1581 vobis
371 1524 422 1581 nisi
436 1524 522 1601 hujus
537 1525 671 1601 temporis
684 1526 827 1602 totiusque
841 1524 897 1581 mei
914 1524 1075 1582 consulatus
1088 1543 1194 1581 memo·

246 1602 317 1660 riam
330 1610 397 1680 post
385 1603 453 1669 t,ulo
468 1622 533 1679 quae
547 1604 616 1660 dum
630 1604 682 1661 erit
701 1604 729 1661 in
743 1604 844 1662 vestris
857 1604 913 1660 fixa
925 1604 1075 1670 mentibus,
1089 1602 1193 1659 tutissi-

246 1699 293 1738 mo
307 1700 352 1738 me
365 1700 447 1739 muro
461 1689 585 1759 saeptum
599 1701 660 1740 esse
674 1684 840 1741 arbitrabor
871 1682 991 1751 Quod
969 1702 993 1739 ει
1006 1701 1099 1740 meam
1113 1700 1194 1758 spem

246 1759 288 1818 vis
308 1760 501 1838 improborum
520 1761 651 1819 fefellerit
665 1771 751 1839 atque
764 1761 947 1838 superaverit,
963 1760 1130 1819 commendo
1145 1779 1193 1817 vo-

246 1839 289 1897 bis
312 1857 432 1915 pervum
456 1858 551 1898 meum
572 1841 676 1908 filium;
698 1841 743 1898 cui
766 1840 894 1931 profecto
908 1840 976 1897 satis
996 1839 1049 1896 erit
1072 1838 1195 1929 praesidii

198 1922 303 1975 20nou
315 1918 407 1975 solum
420 1919 458 1976 ad
478 1920 607 1986 salutem,
623 1919 820 1983 verumetiam
839 1919 878 1976 ad
894 1919 1069 2008 dignitatem,
1085 1917 1109 1974 si
1122 1918 1193 1994 ejus,

246 2016 294 2073 qui
286 1997 372 2056 'haec
386 1998 479 2055 omnia
492 2018 544 2056 suo
558 1998 644 2056 solius
658 1998 783 2075 periculo
792 1994 1004 2064 consermverit,
1014 1994 1093 2054 illum
1106 1997 1195 2054 filium

247 2094 309 2133 esse
322 2076 509 2135 memineritis.
552 2083 599 2135 24
621 2078 802 2155 Quapropter
821 2076 857 2134 de
870 2095 981 2133 summa
994 2076 1069 2133 salut
1058 2084 1086 2132 te
1100 2083 1195 2132 vestra

246 2155 401 2232 populique
422 2155 552 2223 Romani,
566 2157 667 2213 Patres
681 2155 840 2233 conscripti,
855 2155 892 2213 de
906 2154 1005 2212 vestris
1026 2154 1194 2231 conjugibus

246 2252 280 2291 ao
294 2234 395 2301 liberis,
410 2234 446 2292 de
460 2235 515 2292 aris
529 2253 562 2293 ao
582 2235 661 2301 focis,
676 2233 712 2292 de
726 2235 798 2292 fanis
811 2241 897 2309 atque
920 2233 1042 2309 templis,
1056 2232 1093 2289 de
1108 2232 1194 2289 totius

198 2318 234 2371 25
245 2313 324 2370 urbis
343 2313 426 2371 tectis
447 2332 481 2371 ac
501 2314 624 2381 sedibus,
640 2313 704 2371 de
697 2313 814 2391 rmporio
835 2332 868 2370 ao
888 2313 1026 2378 libertate,
1042 2311 1079 2369 de
1104 2311 1195 2368 salute

246 2391 348 2458 Italiae,
364 2392 400 2449 de
414 2393 543 2450 universa
563 2411 594 2450 re
608 2392 722 2469 publica
736 2391 877 2450 decernite
892 2391 1048 2481 diligenter,
1062 2396 1095 2446 ut
1118 2389 1194 2447 insti·

246 2470 348 2536 tuistis,
368 2489 403 2528 ee
423 2471 502 2528 fortit
490 2479 541 2529 ter
583 2471 687 2528 Habet
669 2479 703 2528 trs
724 2490 789 2529 eum
804 2470 956 2536 consulem,
971 2469 1019 2546 qui
1044 2478 1073 2527 et
1096 2482 1195 2545 parere

245 2556 308 2605 vest
308 2548 346 2605 ris
369 2548 488 2606 decretis
511 2568 567 2607 non
589 2549 701 2607 dubitet
720 2558 750 2608 et
770 2568 812 2616 ea,
833 2569 899 2625 quae
920 2547 1083 2616 statueritis,
1100 2546 1195 2624 quoad

246 2627 330 2695 vivet,
346 2626 499 2686 defendere
512 2636 542 2686 et
555 2646 607 2707 per
620 2647 651 2687 sc
664 2628 759 2707 ipsum
774 2636 911 2706 praestare
924 2626 1022 2706 possit.
