2742 4384
215 269 254 324 98
687 276 795 317 orario

262 408 317 464 hoc
340 406 383 464 uti
406 423 511 485 genere
535 405 656 473 dicendi,
677 405 755 483 quod
780 425 837 464 non
859 406 946 464 modo
969 424 987 463 a
1010 406 1213 465 consuetudine

261 486 439 564 judiciorum,
467 505 566 542 verum
593 485 679 542 etiam
707 503 724 541 a
750 485 854 542 forensi
881 503 1010 542 sermone
1044 488 1211 544 abhorreat:

262 583 362 641 quaeso
387 583 405 620 a
419 564 508 630 vobis,
528 572 562 620 ut
585 564 613 621 in
636 564 690 621 hac
712 583 797 621 causa
818 565 886 620 mihi
910 563 983 620 detis
1004 565 1077 621 hanc
1090 564 1211 631 veniam,

263 643 508 701 accommodatam
528 642 593 699 huic
608 661 665 710 reo,
680 642 770 709 vobis
785 642 1027 718 quemadmodum
1047 661 1140 718 spero,
1154 660 1212 698 non

234 723 420 787 5molestam‚
448 728 482 778 ut
505 738 552 777 me
579 739 631 798 pro
658 739 771 778 summo
798 728 883 797 poeta
909 728 996 796 atque
1023 721 1212 778 eruditissimo

262 802 374 858 homine
389 800 531 858 dicentem
551 800 606 856 hoc
621 818 763 856 concursu
781 799 926 855 hominum
946 799 1211 867 literatissimorum,

262 881 316 937 hac
343 887 440 936 vestra
467 877 652 944 humanitate,
680 878 735 934 hoc
762 877 884 953 denique
911 886 1035 954 praetore
1062 885 1213 936 exercente

259 959 407 1036 judicium,
434 956 578 1035 patiamini
600 956 637 1013 de
665 955 767 1013 studiis
794 956 978 1013 humanitatis
1004 975 1038 1014 uc
1065 957 1212 1015 literarum

263 1038 348 1114 paulo
369 1037 446 1114 loqui
465 1036 579 1093 liberius
594 1042 624 1092 et
643 1034 671 1091 in
696 1034 837 1112 ejusmodi
857 1053 985 1111 persona,
1005 1054 1070 1111 quae
1093 1043 1214 1113 propter

216 1116 351 1176 100tium
365 1135 398 1173 ac
418 1115 544 1172 studium
558 1113 672 1171 minime
692 1112 721 1169 in
741 1113 854 1191 judiciis
878 1113 1067 1190 periculisque
1087 1121 1214 1172 tractata

262 1202 315 1260 est,
330 1194 373 1251 uti
387 1206 476 1270 prope
490 1211 564 1250 novo
578 1192 703 1268 quodam
717 1200 747 1249 et
759 1192 893 1248 inusitato
906 1210 1011 1268 genere
1025 1193 1144 1250 dicendi.
1180 1200 1210 1251 4.

265 1273 349 1341 Quod
369 1272 393 1329 si
416 1271 485 1330 mihi
498 1290 515 1327 a
529 1271 609 1328 vobis
630 1270 716 1328 tribui
736 1270 909 1346 concedique
922 1271 1049 1338 sentiam,
1065 1271 1211 1348 perficiam

263 1352 444 1428 prolectant
458 1350 534 1407 hunc
548 1349 585 1406 A.
600 1349 738 1407 Licinium
752 1367 808 1405 non
821 1348 908 1406 modo
920 1367 978 1405 non
988 1350 1211 1427 segregandum,

262 1449 350 1506 quum
365 1429 401 1486 sit
415 1429 490 1496 civia,
505 1447 522 1485 a
535 1445 653 1486 numero
666 1428 777 1495 civium,
792 1447 892 1485 verum
906 1435 1001 1496 etiam,
1015 1429 1040 1485 si
1054 1447 1111 1485 non
1123 1436 1210 1498 esset,

215 1517 251 1569 15
263 1508 369 1585 putetis
382 1507 606 1564 adsciscendum.

302 1587 357 1642 ΙΙΙ.
379 1585 455 1642 Nam
469 1592 502 1642 ut
516 1586 638 1663 primum
652 1585 793 1661 expueris
807 1586 926 1643 excessit
939 1586 1062 1643 Archias
1072 1593 1157 1663 atque
1171 1588 1211 1645 ab

261 1663 293 1721 iis
308 1665 424 1730 artibus,
439 1665 541 1741 quibus
556 1671 627 1722 aetas
648 1663 763 1744 puerilis
783 1664 821 1721 ad
840 1665 1047 1722 humanitatem
1066 1665 1212 1724 informari

262 1744 343 1810 solet,
365 1761 396 1800 se
409 1743 447 1799 ad
460 1743 601 1801 scribendi
613 1743 740 1801 studium
761 1743 887 1810 contulit,
909 1744 1031 1820 primum
1045 1744 1208 1803 Antiochiae

263 1820 342 1901 (nam
356 1822 395 1880 ibi
408 1828 492 1879 natus
506 1829 551 1879 est
563 1823 626 1880 loco
639 1821 747 1900 nobili),
759 1822 863 1879 celebri
876 1822 1020 1900 quondam
1033 1824 1105 1879 urbe
1119 1830 1148 1880 et
1161 1842 1209 1881 co-

213 1910 250 1962 20
262 1901 341 1978 piosa
354 1908 441 1979 atque
455 1901 648 1960 eruditissimis
662 1900 821 1959 hominibus
834 1901 1090 1978 liberalissimisque
1108 1902 1211 1961 studiis

260 1980 393 2047 affluenti,
405 1980 533 2038 celeriter
545 1980 713 2038 antecellere
723 1979 853 2037 omnibus
862 1980 968 2058 ingenii
979 1981 1070 2058 gloria
1080 1981 1209 2058 contigit.

261 2060 333 2117 Post
342 2059 371 2117 in
384 2060 484 2117 ceteris
492 2058 573 2117 Asiae
588 2058 717 2136 partibus
730 2067 889 2135 cunctaque
901 2060 1014 2118 Graecia
1027 2059 1067 2116 sic
1081 2060 1144 2135 ejus
1157 2060 1210 2117 ad-

261 2145 363 2196 ventus
378 2138 602 2206 celebrabantur,
616 2143 650 2195 ut
659 2137 766 2194 famam
775 2137 880 2215 ingenii
890 2139 1066 2216 exspectatio
1079 2138 1209 2208 hominis,

261 2217 501 2294 exspectationem
514 2217 602 2294 ipsius
615 2216 756 2273 adventus
769 2216 974 2294 admiratioque
988 2225 1143 2294 superaret.
1179 2227 1209 2278 5.

214 2302 250 2357 25
261 2296 331 2353 Erat
347 2296 430 2353 Italia
443 2304 511 2353 tunc
532 2296 616 2373 plena
631 2296 799 2353 Graecarum
819 2296 922 2354 artium
942 2316 976 2354 ac
996 2296 1210 2373 disciplinarum

261 2375 411 2452 studiaque
424 2375 489 2433 haec
500 2381 530 2433 et
538 2375 567 2433 in
577 2374 659 2431 Latio
669 2374 864 2432 vehementius
872 2382 935 2432 tum
946 2377 1111 2434 colebantur
1120 2395 1209 2451 quam

260 2471 335 2511 nunc
348 2453 449 2511 iisdem
462 2453 491 2511 in
501 2453 623 2531 oppidis,
634 2454 719 2511 ethic
730 2454 832 2512 Romae
847 2462 965 2532 propter
974 2454 1208 2531 tranquillitatem

260 2531 302 2587 rei
322 2532 443 2607 publicae
458 2552 514 2590 non
527 2532 755 2610 negligebantur.
797 2533 900 2610 Itaque
921 2534 996 2592 hunc
1016 2542 1046 2591 et
1065 2533 1209 2592 Tarentini

261 2616 291 2666 ct
304 2610 427 2687 Rhegini
440 2618 470 2668 et
482 2610 663 2688 Neapolitani
677 2611 789 2669 civitate
803 2612 959 2688 ceterisque
980 2612 1104 2689 praemiis
1117 2612 1207 2670 dona·

213 2695 344 2754 30runt;
364 2696 394 2744 et
407 2707 514 2756 omnes,
529 2689 578 2766 qui
597 2689 704 2766 aliquid
723 2690 760 2747 de
780 2690 899 2767 ingeniis
918 2697 1051 2767 poterant
1068 2691 1205 2768 judicare,

261 2766 421 2901 copnitione
435 2775 521 2844 atque
535 2768 657 2845 hospitio
671 2769 792 2846 dignum
805 2769 1007 2827 existimarunt.
1049 2770 1112 2827 Hac
1126 2777 1208 2828 tanta

262 2862 295 2901 ce
306 2845 425 2902 ebritate
438 2846 522 2905 famae
537 2866 626 2922 quum
640 2856 717 2905 esset
726 2848 788 2926 jam
801 2848 966 2907 absentibus
976 2855 1069 2915 notus,
1083 2849 1207 2907 Romam

260 2923 337 2979 venit
351 2923 441 2981 Mario
454 2925 570 2983 consule
583 2931 613 2982 et
627 2926 739 2984 Catulo.
781 2927 893 2985 Nactus
910 2933 955 2985 est
968 2927 1092 3005 primum
1105 2946 1206 2986 consu-

260 3001 302 3058 les
326 3019 383 3069 eos,
405 3021 526 3079 quorum
546 3004 620 3061 alter
641 3024 688 3062 res
708 3005 745 3063 ad
769 3005 949 3064 scribendum
972 3007 1118 3073 maximas,
1134 3006 1207 3064 alter

212 3087 249 3139 35
260 3099 350 3157 quum
363 3098 408 3138 res
428 3089 534 3158 gestas,
548 3089 611 3139 tum
625 3083 711 3140 etiam
724 3084 850 3142 studium
864 3092 951 3160 atqua
967 3104 1050 3142 aures
1069 3085 1206 3143 adhibere

260 3166 365 3235 posset.
421 3158 524 3218 Statim
550 3160 671 3229 Luculli,
700 3181 788 3238 quum
816 3171 1004 3240 praetextatus
1030 3164 1115 3222 etiam
1142 3171 1207 3223 tum

259 3236 382 3295 Archias
396 3245 480 3305 esset,
494 3258 560 3297 eum
574 3240 693 3297 domum
706 3259 787 3299 suam
801 3241 1002 3319 recepanmt.†
1044 3242 1102 3301 Sed
1119 3242 1206 3301 etiam

259 3315 314 3373 hoc
333 3334 391 3374 non
410 3317 502 3375 solum
525 3317 631 3396 ingenii
643 3338 677 3376 ac
700 3318 854 3387 literarum,
868 3339 967 3379 verum
987 3321 1073 3378 ctiam
1093 3328 1204 3379 naturae

259 3399 345 3470 atque
365 3393 485 3463 virtutis,
506 3403 540 3453 ut
563 3396 674 3463 domus,
696 3416 761 3473 quae
786 3399 873 3477 hujus
892 3399 1091 3458 adolescentia
1112 3398 1206 3476 prima

211 3472 360 3548 repatuit,
375 3472 477 3530 eadem
490 3481 566 3531 esset
584 3474 800 3533 familiarissima
813 3478 959 3535 senectuti.
1002 3483 1027 3534 6.
1049 3477 1120 3534 Erat
1132 3484 1205 3535 tem·

258 3549 376 3626 poribus
399 3551 454 3609 illis
475 3551 621 3628 jucundus
644 3553 761 3610 Metello
783 3555 823 3612 illi
847 3554 999 3612 Numidico
1012 3563 1042 3612 et
1064 3556 1127 3632 ejus
1151 3556 1205 3614 Pio

258 3627 331 3696 filio;
352 3629 551 3688 audiebatura
570 3630 609 3689 M.
625 3632 760 3698 AEmilio;
780 3633 894 3691 vivebat
914 3653 980 3691 cum
1000 3634 1034 3702 (l
1050 3634 1153 3693 Catulo
1174 3642 1205 3692 et

257 3714 340 3853 patre
364 3716 395 3767 et
417 3708 491 3776 filio;
521 3708 594 3767 aL.
618 3710 722 3767 Crasso
746 3711 908 3778 colebatur;
929 3711 1063 3770 Lucullos
1086 3731 1154 3770 vero
1174 3720 1206 3771 et

286 3806 386 3855 rusum
405 3794 436 3846 et
459 3787 593 3856 Octavios
612 3796 644 3857 et
663 3788 803 3853 Catonem
823 3796 853 3848 et
875 3796 966 3848 totam
987 3791 1205 3850 Hortensiorum
