2742 4384
347 312 456 356 onsrro
476 312 567 355 nunt
587 312 947 369 commarcarum.
1129 304 1169 362 20

204 443 247 503 H.
268 443 346 502 Nam
364 450 436 512 tum,
460 461 548 521 quum
572 460 608 502 ox
621 444 694 504 urbe
718 445 867 505 estunam
887 447 1034 525 ejiciebam
1050 446 1119 527 (non

162 525 240 582 enim
252 525 315 601 jam
328 540 428 581 vereor
441 524 529 601 hujus
542 523 620 583 verbi
639 524 782 601 invidiam,
801 540 891 604 quum
910 528 957 585 illa
976 528 1067 606 magis
1082 530 1118 589 sit

163 603 302 670 timendo,
324 602 401 679 quod
416 602 497 660 vivus
511 596 696 682 exierit),''sod
710 612 781 673 tum,
795 625 883 682 quum
894 606 972 664 illum
986 602 1117 666 extermi-
1134 588 1159 657 ’τ
1219 642 1223 657 .
1240 636 1244 649 ·

162 672 389 748 ireffiolebam,
413 689 466 743 aut
492 683 627 759 reliquom
651 678 864 760 conjuratorum
892 704 1008 743 manum
1035 687 1117 746 simul
1227 676 1231 685 ⁴

30 790 68 815 «η
82 774 100 807 ι·
111 776 135 807 ³
162 761 307 821 exituram
321 767 372 817 aut
385 779 442 828 eos,
451 761 500 838 qui
513 761 690 839 restitissent,
698 762 892 835 infirmossino
906 764 994 837 illoac
1009 765 1146 824 debilesb

87 842 124 896 π’
162 840 227 898 fere
242 839 390 916 putabam.
432 845 460 899 4.
481 840 580 916 Atque
594 859 657 919 ego,
671 848 706 898 ut
722 840 787 909 vidi,
802 861 874 919 quos
887 840 1008 902 maximo
1022 844 1117 904 lurore

164 925 195 976 et
215 918 323 977 scolere
337 937 399 976 esso
419 918 604 978 inflammatos
623 920 758 987 sciebam,
779 939 828 978 ees
842 922 988 980 nobiscum
1001 940 1062 981 esso
1087 932 1117 982 et

163 998 269 1055 noma
288 997 464 1064 remansisse,
479 998 507 1055 in
525 1016 560 1055 oo
573 1017 670 1056 omnes
691 998 752 1057 dies
771 1008 924 1077 noctesque
945 1003 1115 1080 consumpsi,

162 1084 206 1143 ut,
223 1075 293 1153 quid
306 1085 432 1156 agerent,
447 1076 516 1154 quid
529 1077 702 1145 molirentur,
718 1078 849 1159 sentirem
863 1098 897 1137 sc
911 1080 1052 1137 viderem:
1074 1092 1115 1148 ut,

163 1156 300 1232 quoniam
314 1156 429 1213 auribus
443 1155 544 1213 vestris
558 1164 675 1234 propter
688 1156 878 1216 incredibilem
892 1158 1115 1237 magnitudinem
1128 1164 1165 1218 10

56 1248 99 1300 ξς
116 1242 121 1251 ’
163 1234 279 1292 sceleris
293 1234 428 1292 minorem
442 1230 529 1292 fidem
549 1235 655 1307 feceret
672 1235 762 1293 aretio
775 1255 847 1303 mea,
861 1256 922 1295 rem
936 1238 974 1295 ita
988 1258 1114 1316 compro·

161 1313 330 1380 henderem,
344 1319 378 1370 ut
391 1322 453 1372 tum
468 1314 583 1370 demum
597 1312 696 1377 animis
709 1314 793 1373 saluti
807 1324 908 1374 vestroe
922 1318 1115 1395 provideretis,

162 1410 254 1468 quum
279 1393 368 1449 oculis
391 1393 560 1453 maleficium
586 1392 680 1470 ipsum
705 1393 844 1452 rideretis.
900 1405 927 1455 5.
958 1397 1058 1473 Itaque
1083 1404 1116 1455 ut

60 1475 66 1486 ‘
162 1471 291 1548 comperi
314 1471 424 1549 legatos
437 1472 627 1549 Allobrogum
651 1472 718 1530 belli
732 1472 906 1551 Transalpini
925 1484 955 1532 et
975 1476 1115 1535 tumultus

163 1550 267 1611 Gallici
281 1550 421 1608 excitandi
441 1569 557 1639 causus
570 1551 603 1609 Ρ.
618 1512 741 1609 ίοιιιιιΙο
755 1570 817 1609 esse
833 1553 1114 1644 sollicitatospeosque
1128 1559 1163 1615 15

160 1628 192 1685 in
207 1628 329 1687 Gelliam
343 1629 382 1689 ad
403 1649 470 1688 suos
485 1630 559 1686 cives
573 1629 731 1707 eodemque
746 1631 842 1689 itinero
857 1651 921 1689 cum
935 1632 1021 1690 literrs
1035 1652 1113 1690 man-

160 1707 295 1785 datisque
309 1708 347 1765 sel
372 1709 524 1766 Catilinam
543 1724 605 1767 esse
624 1710 726 1766 missos
748 1710 935 1787 comitemque
956 1711 988 1769 iis
1010 1712 1111 1789 odjun·

160 1794 243 1844 ctum
264 1788 295 1845 T.
321 1787 501 1847 Volturcium
514 1794 599 1864 atque
620 1788 687 1846 huic
711 1746 773 1846 Asc
794 1788 832 1846 ad
857 1790 1006 1847 Catilinam
1030 1790 1113 1848 datas

159 1866 267 1933 literas,
282 1866 450 1923 facultatem
464 1825 534 1924 nihi
553 1865 677 1925 oblatam
692 1867 799 1943 putari,
819 1874 859 1933 ut,
875 1868 953 1944 quod
967 1876 1029 1925 erot
1042 1868 1113 1925 diffi-

120 1996 124 2004 .
159 1945 444 2030 oillimum)quodque
458 1964 513 2024 ego
527 1962 639 2023 semper
652 1947 789 2023 optabam
802 1965 820 2002 a
830 1946 883 2003 diis
898 1946 1112 2014 immortalibus,
1124 1952 1163 2007 20

158 2033 195 2081 ut
220 2031 280 2082 tots
293 2042 339 2082 ros
352 2044 410 2082 non
423 2026 515 2083 solum
535 2042 554 2080 s
571 2041 626 2091 me,
640 2024 692 2082 sed
707 2026 793 2082 etism
806 2044 824 2081 a
837 2033 938 2082 senatu
952 2033 982 2082 ot
1001 2026 1112 2083 svobis

93 2140 105 2178 .·
112 2140 133 2181 A
148 2102 310 2171 ‚manifesto
334 2103 748 2181 deprehenderetur.;<1thuo
768 2104 900 2162 hesterno
915 2104 961 2161 die
982 2104 1014 2162 L.
1029 2105 1112 2162 Flac·

105 2192 115 2215 s
160 2201 227 2240 cum
242 2189 271 2239 et
295 2182 327 2240 Ο.
342 2180 536 2259 Pomptinum,
557 2188 702 2258 pretores,
718 2183 883 2240 fortissimos
906 2190 992 2259 atquo
1016 2202 1111 2243 amun·

158 2260 283 2318 tissimus
302 2262 341 2319 rei
356 2261 480 2338 publices
494 2261 577 2328 viros,
592 2259 630 2317 ad
653 2279 700 2318 me
714 2261 829 2327 vocavi;
850 2276 909 2318 rem
930 2280 1043 2320 omnem
1063 2280 1111 2320 ex·

52 2358 59 2364 ·
158 2339 245 2417 posui
252 2359 260 2406 ;
280 2340 348 2417 quid
362 2340 422 2397 fieri
440 2340 573 2417 placeret,
589 2339 707 2397 ostendi.
750 2340 796 2397 Illi
820 2349 924 2406 sutem,
950 2340 998 2417 qui
1018 2342 1160 2402 omnistb

42 2432 106 2483 [Α.
120 2422 140 2477 f'.
159 2420 198 2477 de
212 2436 243 2474 re
258 2419 371 2496 publico
385 2419 523 2495 praeclara
536 2426 621 2494 etque
635 2417 750 2496 egregia
764 2419 906 2486 sentirent,
921 2419 979 2476 sino
999 2438 1110 2477 recuso·

158 2498 235 2556 tione
256 2516 289 2554 sc
304 2498 362 2555 sine
377 2497 436 2555 ulla
449 2515 529 2557 mora
542 2496 688 2574 negotium
702 2507 888 2574 susceperunt
905 2506 942 2566 ot,
957 2517 1045 2575 quum
1059 2499 1110 2556 ad·

158 2583 381 2653 vesperasceret,
409 2577 522 2634 occulte
549 2576 585 2633 ad
614 2583 731 2653 pontem
759 2577 895 2634 Mulvium
923 2584 1111 2655 pervenerunt

1 2672 21 2690 ¹·
72 2686 76 2691 ·
158 2663 245 2731 etque
258 2656 297 2715 ibi
311 2655 340 2711 in
360 2656 493 2732 proximis
507 2655 579 2715 villis
597 2655 637 2712 its
658 2654 792 2730 bipartito
812 2657 935 2723 fuerunt,
957 2665 989 2713 ut
1003 2657 1110 2716 liberis

158 2734 232 2791 inter
250 2753 300 2791 eos
314 2740 343 2790 et
358 2753 429 2811 pons
444 2735 598 2809 interesset.
639 2733 750 2790 Eodem
764 2744 859 2791 sutem
873 2742 902 2792 et
915 2734 969 2811 ipsi
989 2735 1048 2791 sine
1062 2754 1109 2791 cu·
1121 2741 1160 2794 30

156 2814 292 2891 jusquum
303 2831 352 2870 sus
372 2813 463 2870 icione
477 2813 581 2870 multos
590 2813 678 2870 fortes
693 2812 766 2870 viros
780 2813 946 2879 eduxerunt,
962 2822 991 2870 et
1005 2832 1060 2891 ego
1074 2831 1110 2870 ex

158 2893 330 2969 praefectura
415 2892 474 2949 tins
495 2892 654 2968 complures
677 2892 803 2949 delectos
816 2892 1017 2958 adolescentes,
1039 2910 1109 2968 quo-

158 2990 221 3028 rum
236 2988 325 3047 opem
339 2979 405 3028 utor
418 2970 531 3027 assidue
544 2971 573 3027 in
592 2988 623 3027 re
638 2970 760 3047 publice,
782 2971 913 3047 prasidio
928 2990 993 3028 cum
1010 2971 1110 3048 gladiis

157 3051 299 3111 miseram.
343 3055 370 3106 6.
392 3050 509 3107 Interim
530 3050 612 3106 tertia
632 3050 691 3106 iore
706 3049 799 3127 vigilia
819 3058 927 3115 exacta,
941 3069 1029 3126 quum
1049 3049 1109 3126 jam

159 3136 276 3206 pontem
292 3127 432 3185 Mulvium
441 3147 544 3206 magno
551 3128 685 3186 comitatu
696 3128 782 3207 legati
796 3129 987 3205 Allobrogum
1001 3128 1109 3206 ingredi
1121 3137 1158 3189 35

157 3208 315 3285 inciperent
328 3222 442 3284 ruraque
454 3207 626 3273 Volturcius
641 3207 673 3264 fit
687 3207 715 3263 in
729 3226 777 3265 eos
790 3207 929 3284 impetus;
951 3207 1111 3264 educuntur
1131 3220 1134 3231 ¹

109 3301 115 3314 ’
159 3296 188 3344 et
209 3288 247 3344 ab
268 3280 323 3343 illis
347 3285 435 3365 gladii
459 3293 488 3343 ct
511 3285 658 3344 anostris.
701 3285 759 3344 Res
772 3296 834 3344 orat
855 3285 1024 3364 pretoribus
1042 3294 1111 3343 note

159 3367 240 3433 solis;
262 3365 449 3444 ignorabatur
463 3383 480 3425 e
494 3365 601 3422 ceteris.

198 3446 253 3503 III.
277 3445 352 3502 Tum
365 3444 526 3501 interventu
539 3443 681 3520 Pomptini
702 3451 787 3520 atque
807 3442 902 3501 Flacci
926 3461 1031 3520 pugna,
1046 3460 1111 3519 quae

158 3532 218 3582 crat
242 3524 402 3589 commissa,
425 3521 548 3579 sedatur.
590 3522 701 3589 Literae,
726 3540 901 3598 quaecunque
925 3530 1006 3579 erant
1027 3521 1054 3579 in
1077 3526 1160 3580 eolo

159 3603 294 3661 comitatu
307 3602 428 3681 integris
443 3600 528 3679 signis
550 3601 716 3677 praetoribus
730 3601 895 3667 traductum
916 3600 969 3677 ipsi
984 3618 1110 3676 compre-

158 3683 235 3741 hensi
249 3682 288 3740 ad
310 3701 367 3748 me,
383 3698 473 3757 quum
494 3680 554 3757 jam
575 3679 767 3746 dilucesceret,
783 3678 971 3736 deducuntur.
1013 3680 1111 3753 Atque

8 3796 17 3809 ·
123 3760 135 3801 Γ
158 3761 258 3820 horum
286 3760 417 3819 omnium
452 3759 589 3815 scelerum
605 3758 858 3835 ,improbissimum
891 3758 1168 3814 machinatorem
1278 3794 1281 3801 ι

159 3836 306 3902 Cimbrum
328 3836 486 3899 Gabinium
506 3836 602 3895 statim
615 3837 652 3894 ud
674 3855 721 3894 me
740 3836 809 3896 nihil
830 3835 901 3893 dum
920 3835 1113 3914 suspicantem

621 3916 657 3974 3*
