2742 4384
366 308 424 350 rao
438 309 464 350 r.
478 309 574 349 inmo
588 310 709 360 uncus,
724 310 791 352 oin.
806 310 907 351 mua
1100 294 1157 357 177

145 437 180 497 'n
190 439 387 516 mapicrouem
400 438 497 497 incidit
517 439 595 517 regui
615 439 776 517 appetendi,
791 459 847 499 nou
870 440 909 499 it
933 441 1105 511 Gracchum,

145 518 200 593 qui
214 517 336 595 college
355 518 553 596 magistratum
574 537 625 595 per
637 518 802 576 seditionem
815 520 970 610 abrogavit,
985 540 1106 596 quorum

147 595 349 654 interfectores
358 596 549 673 impleverunt
559 597 656 654 orbem
669 604 807 654 terrarum
821 599 939 655 nominis
949 599 993 655 sui
1027 598 1103 667 loris,

148 675 203 732 sed
224 694 293 732 eum
308 673 439 752 (auderet
453 675 528 732 enim
548 674 649 741 dicere,
664 694 753 751 quum
774 675 893 752 patriam
915 677 990 753 peric
1020 695 1104 735 osuo

147 751 324 830 liberasset),
339 754 421 830 cujus
434 752 589 810 nefandum
603 753 771 811 adulterium
792 753 820 811 iu
835 753 1026 831 pidriuaribus
1040 775 1102 813 san·
1116 765 1134 819 t

149 832 285 888 otimimis
305 832 487 891 nobilissime
508 831 621 889 feminas
644 831 934 909 comprehendemnt3
960 836 1006 892 ta.
1027 853 1101 902 eum,

149 910 237 987 eujus
250 911 390 988 supplicio
408 918 524 968 senatus
537 910 685 967 sollemnes
698 909 845 988 religiones
858 912 1012 1002 expiandas
1025 932 1103 990 saepe

149 989 279 1055 censuit;
300 1008 375 1055 eum,
390 1006 476 1066 quem
485 1007 551 1046 cum
564 1007 659 1046 sorore
672 1007 807 1066 germana
820 991 956 1048 nefarium
970 1000 1102 1069 stuprum

148 1066 261 1133 fecisse,
283 1067 315 1125 L.
330 1068 467 1126 Lucullus
485 1067 598 1144 juratus
618 1085 657 1133 se,
676 1067 879 1144 questionibus
899 1069 1009 1136 habitis,
1031 1070 1102 1127 dixit

150 1145 341 1221 comperisse;
362 1165 437 1212 eum,
452 1146 502 1222 qui
515 1145 612 1212 civem,
627 1165 712 1223 quem
732 1154 855 1213 senatus,
869 1165 954 1225 quem
978 1148 1101 1225 populus
1116 1156 1153 1211 10

150 1222 309 1291 Romanus,
324 1243 408 1301 quem
422 1243 520 1281 omnes
533 1232 633 1302 gentes
653 1225 731 1282 urbis
744 1243 778 1282 ac
792 1225 858 1283 vitas
873 1227 975 1284 civium
989 1245 1100 1284 conser-

150 1311 282 1358 vatorem
292 1303 462 1380 judicarunt,
476 1321 621 1360 servorum
634 1304 720 1360 armis
734 1304 944 1372 exterminavit;
964 1324 1038 1372 eum,
1053 1306 1102 1383 qui

150 1399 243 1458 regna
267 1380 354 1448 dedit,
376 1382 493 1448 ademit,
516 1381 613 1439 orbem
634 1390 783 1449 terrarum,
810 1382 978 1473 quibuscum
1002 1384 1100 1452 voluit,

151 1460 277 1535 partitus
290 1470 349 1528 est;
371 1479 446 1527 eum,
458 1459 515 1537 qui,
530 1460 657 1536 plurimis
670 1461 798 1519 caedibus
817 1480 846 1519 m
865 1462 927 1519 loro
941 1462 1031 1529 sactis,
1046 1463 1100 1521 sin·

150 1537 246 1615 gulari
259 1538 363 1597 virtute
377 1546 407 1597 et
420 1539 510 1617 glon'a
523 1538 612 1597 ciuem
627 1539 743 1596 domum
758 1539 785 1597 vi
798 1547 827 1597 et
846 1541 931 1597 armis
945 1542 1099 1620 compulit;
1116 1550 1151 1606 lt

151 1634 229 1684 eum,
244 1618 289 1674 cui
301 1619 369 1675 nihil
383 1635 510 1694 unquam
522 1617 602 1675 nefas
615 1618 670 1675 fuit
683 1636 735 1675 nee
752 1618 781 1675 in
794 1618 915 1677 facinore
929 1638 981 1677 nec
997 1621 1025 1678 iu
1039 1621 1100 1679 libi·

152 1694 220 1751 dine
230 1715 238 1762 ;
259 1715 333 1764 eum,
348 1696 397 1773 qui
411 1695 505 1753 aedem
526 1695 725 1773 Nympharum
745 1696 875 1763 incendit,
891 1706 923 1754 ut
937 1699 1100 1758 memoriam

152 1774 298 1851 publicam
312 1774 489 1841 recensionis,
500 1774 603 1833 tabulis
618 1775 737 1852 publicis
751 1774 924 1852 impressam,
939 1776 1099 1865 exstingue·

153 1858 216 1918 ret;
238 1854 284 1910 74.
305 1874 370 1911 eum
384 1853 513 1930 denique,
528 1852 574 1911 cui
584 1853 644 1930 jam
665 1853 742 1911 nulla
756 1853 802 1910 lex
816 1861 884 1919 erat,
900 1854 1008 1910 nullum
1022 1854 1101 1912 civile

149 1931 209 2008 jus,
230 1932 300 1990 nulli
324 1931 532 2010 possessionum
552 1932 677 2000 termini3
699 1931 747 2008 qui
767 1951 823 1989 non
844 1931 981 1989 calumnia
1002 1932 1100 1999 litium,
1114 1943 1153 1997 20

152 2029 211 2067 non
234 2010 345 2087 injustis
368 2009 496 2068 vindiciis
520 2029 553 2069 ac
576 2010 758 2068 sacramentis
781 2010 885 2069 ahenos
911 2009 1024 2078 fundos,
1050 2010 1101 2069 sed

152 2090 264 2156 castris,
278 2091 410 2157 exercitu,
426 2088 511 2166 signis
534 2089 683 2146 inferendis
705 2089 837 2166 petebat;
866 2088 915 2167 qui
935 2108 990 2146 non
1010 2090 1102 2148 solum

153 2168 292 2225 Etruscos
317 2167 377 2247 (eos
400 2167 476 2225 enim
500 2168 613 2244 penitus
635 2166 866 2247 contempserat),
891 2167 942 2226 sed
970 2168 1044 2226 hunc
1067 2169 1100 2227 P.

153 2246 282 2312 Varium,
292 2247 474 2306 fortissimum
480 2255 566 2322 atque
574 2245 713 2322 optimum
723 2245 820 2313 civem,
827 2245 952 2323 judicem
963 2253 1100 2314 nostrum,

153 2325 260 2402 pellere
274 2325 496 2403 possessionibus
505 2325 589 2381 armis
597 2324 752 2401 castrisque
761 2334 879 2382 conatus
893 2333 954 2392 est;
973 2324 1022 2402 qui
1036 2344 1100 2382 cum
1115 2336 1152 2389 25

153 2405 314 2462 architectis
328 2414 357 2462 et
377 2403 559 2480 decempedis
573 2403 653 2460 villas
672 2403 827 2461 multorum
851 2404 1004 2480 hortosque
1022 2422 1101 2480 pera·

153 2485 277 2561 grabat;
298 2486 345 2559 qui
360 2482 491 2541 laniculo
505 2490 535 2539 et
548 2482 672 2558 Alpibus
686 2500 767 2559 spem
788 2482 994 2558 possessionum
1008 2482 1101 2538 termi-

154 2564 242 2633 nabat
255 2580 388 2628 suarum;
410 2560 466 2638 qui,
486 2580 574 2637 quum
592 2561 629 2618 ab
649 2560 744 2636 equite
757 2559 885 2618 Romano
905 2560 1053 2638 splendido
1072 2568 1103 2618 et

153 2640 230 2706 forti,
251 2640 291 2696 M.
306 2640 437 2706 Paconio,
459 2658 514 2696 non
535 2639 723 2715 impetrasset,
737 2647 771 2695 ut
783 2639 837 2697 sibi
855 2639 975 2696 insulam
994 2639 1022 2696 in
1037 2640 1101 2697 lacu

154 2719 241 2776 Prilio
254 2719 398 2785 venderet,
413 2725 530 2795 repente
544 2717 672 2775 lintribus
685 2716 713 2774 in
730 2736 793 2775 eam
806 2717 926 2775 insulam
947 2718 1100 2785 materiem,
1115 2729 1154 2781 80

155 2798 270 2863 calcem,
293 2806 438 2862 caementa,
463 2814 542 2853 arma
562 2796 699 2863 convexit,
720 2795 888 2873 dominoque
911 2804 989 2853 trans
1013 2797 1103 2873 ripam

154 2877 332 2953 inspectante
345 2896 401 2934 nou
414 2875 553 2933 dubitavit
567 2873 716 2932 editicium
729 2884 873 2932 exstruere
887 2873 914 2931 in
928 2875 1032 2942 alien0;
1056 2877 1101 2932 75.

154 2957 203 3031 qui
218 2955 284 3012 huic
305 2956 337 3011 T.
352 2954 493 3020 Furfamo,
509 2954 554 3012 cui
568 2953 650 3011 viro‘l
671 2953 710 3010 dii
723 2950 913 3012 immortales!
935 2953 1015 3032 (quid
1029 2953 1102 3010 euim

155 3053 211 3111 ego
232 3033 269 3090 de
289 3033 454 3091 muliercula
468 3033 590 3100 Scantia,
606 3031 674 3110 quid
695 3033 732 3089 de
746 3031 924 3090 adolescente
949 3033 981 3089 P.
997 3032 1102 3109 Apinio

155 3113 250 3170 dicam
261 3113 275 3168 ‘l
296 3131 416 3190 quorum
429 3112 541 3188 utrique
554 3118 675 3168 mo1tem
685 3117 730 3168 est
743 3111 896 3178 minitatus,
910 3111 961 3168 nisi
971 3109 1024 3167 sibi
1037 3110 1101 3167 hor·
1115 3122 1153 3177 35

155 3201 252 3249 torum
266 3191 440 3268 possessione
449 3188 610 3267 cessissent)
623 3209 630 3256 ;
651 3189 702 3246 sed
711 3207 797 3246 ausus
806 3197 851 3246 est
858 3189 992 3245 Furfanio
1000 3189 1101 3254 dicere,

156 3269 242 3326 sisibi
250 3271 408 3346 pecuniam,
416 3276 551 3347 quantam
563 3274 740 3346 poposcerat,
751 3286 808 3326 uon
816 3265 949 3335 (ledisset,
959 3276 1103 3324 mortuum

155 3349 230 3406 sein
244 3348 361 3405 domum
374 3348 436 3425 ejus
450 3348 602 3414 illaturum,
617 3365 673 3423 qua
687 3345 796 3403 invidia
809 3345 875 3403 huic
889 3353 964 3404 esset
980 3345 1030 3402 tali
1044 3347 1103 3403 viro

157 3426 408 3503 conflagrandum
428 3426 477 3503 qui
490 3426 620 3503 Appium
640 3425 765 3492 fratrem,
786 3423 929 3482 hominem
948 3423 1016 3481 mihi
1037 3442 1102 3482 con·

154 3507 287 3584 junctum
310 3505 444 3562 fidissima
467 3504 568 3583 gratia,
593 3504 739 3561 absentem
763 3502 800 3560 de
824 3502 999 3579 possessione
1023 3501 1155 3565 fundito

157 3583 278 3659 dejecit,
309 3585 357 3660 qui
379 3584 514 3661 parietem
534 3580 649 3661 sic'per
668 3581 838 3639 vestibulum
861 3583 963 3640 sororis
984 3581 1104 3639 instituit

157 3662 271 3728 ducere,
289 3662 328 3719 sic
342 3680 426 3740 agere
439 3662 632 3726 fundamenta,
653 3666 687 3717 ut
707 3679 831 3717 sororem
844 3679 900 3717 uon
920 3659 1006 3722 modo
1019 3659 1104 3718 vesti·

159 3740 227 3805 bulo
241 3740 373 3816 privaret,
387 3741 438 3798 sed
451 3740 527 3799 omni
540 3739 621 3797 aditu
634 3744 663 3797 et
676 3737 798 3796 limine.’'

199 3819 339 3877 XXVHI.
380 3819 427 3880 76.
449 3820 628 3896 Quamquam
651 3816 717 3876 haec
736 3817 852 3894 quidem
870 3816 932 3895 jam
950 3812 1107 3874 tolerabilia
