2742 4384
710 50 715 59 ,
820 56 824 71 ι
877 45 881 51 .

694 83 848 145 benficia&
862 86 906 119 lst-

166 309 205 367 62
635 322 743 362 omero

347 392 372 439 (a
390 407 437 435 ωω
452 386 495 433 hist
694 401 696 403 ’

213 459 316 512 vestrae
332 448 538 530 obtemperare.
570 453 672 529 Itaque
685 471 743 509 nna
756 451 810 518 lex,
824 470 898 509 unus
911 451 961 519 vir,
976 471 1051 509 unus
1073 471 1163 510 annus

212 551 269 590 nou
283 533 368 590 modo
383 552 434 589 nos
448 532 496 589 illa
506 531 617 590 miseria
631 551 664 589 ao
678 531 853 608 turpitudine
867 532 1004 599 liberavit,
1013 532 1064 589 sed
1079 532 1164 590 etiam

213 612 314 679 effecit,
335 619 368 669 nt
393 611 544 688 aliquando
557 630 623 668 vere
637 611 798 668 videremur
822 611 952 668 omnibus
976 611 1109 689 gentibus
1128 630 1163 669 ao

213 690 372 748 nationibus
386 698 461 747 terra
474 690 600 766 marique
613 690 760 765 imperare.

185 775 203 826 ὅ
254 762 388 837 57an0
401 769 470 826 mihi
494 768 579 826 etiam
603 769 744 846 indignius
758 766 870 825 videtur
889 769 1081 827 obtrectatum
1100 787 1163 827 esse

212 848 315 914 adhue,
332 849 452 906 Gabinio
467 848 567 915 dicam,
582 865 655 904 anne
675 846 820 924 Pompeio,
835 865 872 903 an
886 847 1019 923 utrique?
1041 848 1070 905 id
1084 848 1161 925 qnod

212 934 257 984 est
268 927 378 995 verius;
400 947 435 984 ne
449 927 475 984 le
497 937 592 983 aretur
605 927 642 983 A.
654 926 792 984 Gabinius
808 926 859 983 On.
871 926 1008 1003 Pompeio
1019 927 1163 1004 expetenti

212 1024 246 1064 ao
260 1006 422 1083 postulanti.
495 1015 570 1062 trum
592 1005 646 1071 ille,
662 1005 711 1081 qui
734 1005 860 1082 postulat
873 1005 910 1062 ad
931 1013 1042 1062 tantum
1057 1006 1163 1063 bellum

212 1083 348 1163 legatum,
363 1103 448 1162 quem
463 1085 537 1150 velit,
559 1084 677 1141 idonens
698 1103 754 1141 non
774 1094 826 1152 est,
848 1084 897 1160 qui
917 1084 1058 1160 impetret,
1074 1104 1163 1161 quum

166 1164 348 1221 lObet—eri'ad
372 1163 538 1240 expilandos
552 1164 642 1220 socios
663 1163 890 1241 diripiendasque
911 1163 1075 1240 provintias,
1091 1182 1163 1239 qnos

212 1243 370 1310 voluerunt,
397 1244 506 1319 legatos
527 1242 691 1309 eduxerint;
712 1261 748 1299 an
769 1243 839 1319 ipse,
854 1242 936 1319 enjus
959 1243 1024 1320 lega
1037 1244 1114 1299 salus
1128 1261 1161 1299 ae

212 1318 335 1398 dignitas
349 1322 456 1398 populo
471 1321 600 1379 Romano
614 1330 700 1398 atque
719 1322 850 1379 omnibus
863 1321 995 1399 gentibus
1009 1322 1163 1379 constituta

212 1409 264 1467 est,
280 1419 381 1477 expers
405 1419 467 1457 esse
481 1400 567 1457 debet
581 1401 643 1490 ejus
667 1400 765 1478 gloriae
790 1400 966 1478 imperatoris
990 1409 1075 1476 atque
1099 1400 1162 1477 ejus

212 1478 435 1554 exereitus,⁴qui
458 1479 572 1536 oonsilio
595 1479 684 1556 ipsius
705 1498 738 1537 ae
759 1479 950 1556 perieulolest
969 1479 1161 1537 constitutus?

166 1556 330 1615 lttortan
353 1557 385 1614 Ο.
401 1557 552 1624 Falcidius,
578 1558 610 1625 Q.
633 1558 775 1624 Metellus,
798 1559 832 1628 Q.
859 1557 966 1615 Coelius
987 1557 1160 1625 Latiniensis,

214 1636 267 1692 Cn.
290 1636 436 1702 Lentulus,
461 1653 532 1712 quos
552 1655 649 1694 omnes
665 1637 789 1694 ‘bonoria
817 1655 903 1695 eausa
930 1636 1050 1704 nomino,
1073 1655 1162 1714 quum

212 1715 316 1772 tribuni
332 1715 407 1791 plebi
430 1715 557 1783 fuissent,
573 1735 647 1773 anno
668 1716 798 1792 proximo
812 1716 898 1793 legati
913 1735 975 1773 esse
989 1724 1161 1792 potuerunt;

182 1772 239 1851 ‘lin
253 1812 309 1851 uno
325 1794 445 1852 Gabinio
459 1801 526 1857 sunt
540 1804 599 1851 tam
613 1795 786 1874 diligentes?
807 1795 856 1872 qui
875 1795 904 1856 in
917 1795 972 1852 hoo
987 1794 1069 1862 bello,
1084 1794 1162 1871 quod

151 1896 157 1917 r
212 1872 276 1950 lege
305 1873 424 1931 Gabinia
451 1873 567 1951 geritur,
593 1875 621 1931 in
648 1876 702 1932 hoe
726 1874 895 1950 imperatore
912 1883 1005 1955 ‘atque
1027 1874 1160 1942 exercitu,

164 1952 298 2029 toquem
320 1971 372 2029 per
392 1972 443 2010 vos
464 1953 526 2029 ipse
548 1953 702 2020 constiutit,
732 1953 816 2009 etiam
841 1953 987 2030 praecipuo
1008 1953 1074 2030 jure
1100 1970 1162 2009 esse

215 2032 352 2087 deberet?
368 2030 439 2089 *De
465 2050 522 2107 qno
548 2032 671 2108 legando
699 2032 827 2089 eonsules
854 2051 939 2108 spero
966 2031 1004 2089 ad
1032 2038 1162 2089 senatum

211 2109 357 2167 relaturos.
399 2111 454 2180 Qui
481 2110 504 2167 si
532 2104 782 2169 dubitabunt'ssant
859 2113 1009 2178 rabuntur,
1019 2118 1088 2188 *ego
1115 2128 1162 2167 me

174 2178 190 2209 s
213 2189 346 2265 profiteor
359 2186 643 2267 relaturnm;(neque
662 2209 710 2247 me
730 2130 866 2267 impediit
886 2189 1162 2267 oujnsquaminimi-

158 2300 183 2313 «
212 2286 278 2324 oum
298 2267 503 2345 edictumque
526 2269 618 2326 minus
632 2270 712 2327 vobis
725 2269 967 2335 fretusjvestrum
989 2269 1037 2346 jus
1058 2269 1162 2326 benefi-

81 2385 86 2394 -
163 2351 200 2406 at
212 2346 341 2424 eiumque
356 2343 530 2429 defendam)
544 2346 757 2425 neque'praeter
771 2348 998 2406 intercessionem
1006 2347 1162 2438 quidquam
1251 2358 1266 2367 “’
1348 2400 1354 2413 ,

211 2425 343 2491 audiam;
364 2426 400 2483 de
414 2445 478 2503 qna,
494 2436 527 2484 ut
551 2427 678 2495 arbitror,
693 2428 739 2485 isti
761 2427 823 2503 ipsi,
838 2427 887 2503 qui
907 2427 1057 2494 minantur,
1075 2435 1162 2484 etiam

211 2512 297 2580 atque
312 2505 487 2580 etiamst-qnid
508 2507 600 2573 liceat,
616 2507 842 2564 considerabunt.
884 2507 950 2563 Mea
969 2506 1084 2582 quidem
1097 2524 1160 2563 sen·

211 2580 308 2648 tentia,
331 2582 462 2651 Quirites
479 2604 551 2642 nnus
565 2587 602 2643 A.
627 2587 766 2643 Gabinius
787 2585 854 2659 belli
866 2585 998 2642 maritimi
1012 2603 1162 2660 rerumque

211 2669 357 2738 gestarum
380 2661 430 2719 Cn.
446 2663 591 2740 Pompeio·
604 2665 696 2722 soeius
710 2664 896 2732 adscribitnr;
918 2672 1070 2741 propterea
1084 2663 1162 2739 quod

162 2748 201 2801 30
211 2739 344 2796 alteruni
358 2739 428 2797 illud
443 2741 549 2798 bellum
562 2744 773 2820 suscipiendum
782 2743 881 2800 vestris
895 2743 1035 2821 suffragiis
1050 2742 1161 2810 detulit,

206 2819 283 2876 ‘alter
297 2817 424 2876 delatum
437 2829 657 2898 susceptumque
675 2823 804 2879 confecit.

252 2897 314 2954 XX.
358 2905 404 2956 59.
426 2898 577 2974 Reliquum
592 2908 693 2967 estut
717 2900 753 2958 de
778 2902 811 2971 Q.
828 2900 923 2958 Catuli
943 2901 1111 2959 auctoritate
1132 2907 1162 2958 et

211 2976 349 3034 sententia
373 2976 524 3034 dicendum
548 2996 610 3035 esse
635 2979 772 3037 videatur.
823 2980 878 3048 Qui
905 2999 994 3057 quum
1021 2999 1057 3037 ex
1081 2979 1162 3037 vobis

210 3054 400 3131 quaereretdsi
414 3055 443 3113 in
464 3074 520 3113 nno
545 3056 596 3114 On²
611 3058 749 3134 Pompeio
769 3058 863 3115 omnia
880 3058 1029 3135 poneretis
1045 3059 1068 3115 si
1092 3057 1161 3134 quid

162 3144 199 3196 85
211 3153 245 3191 eo
258 3134 366 3191 fautum
380 3142 463 3200 esset,
475 3135 503 3191 in
517 3153 573 3212 quo
584 3155 665 3213 spem
679 3137 778 3194 essetis
791 3136 1011 3214 habituri,‘oepit
1024 3156 1161 3215 magnum

211 3232 271 3271 suae
287 3213 397 3270 virtutis
418 3213 542 3270 fructum
561 3233 593 3271 ao
609 3215 761 3292 diguitatis,
776 3234 865 3292 quum
884 3235 981 3274 omnes
999 3235 1056 3274 una
1070 3235 1161 3293 prope

210 3290 322 3349 vooe'in
336 3292 398 3368 ipso
412 3311 462 3349 vos
476 3311 557 3369 spem
573 3294 721 3351 habituros
734 3313 796 3352 esse
811 3294 929 3353 dixistis.
970 3295 1082 3352 Etenim
1097 3295 1161 3351 talis

210 3377 255 3427 est
268 3370 317 3437 vir,
333 3377 366 3427 ut
379 3371 457 3428 nulla
470 3389 515 3427 res
530 3379 610 3428 tanta
624 3372 660 3428 sit
680 3392 713 3430 ae
727 3381 787 3429 tam
801 3372 927 3440 difficilis,
942 3393 1029 3451 quam
1045 3374 1091 3431 ille
1105 3393 1162 3430 non

211 3455 240 3506 et
264 3449 379 3507 oonsilio
402 3468 500 3527 regere
524 3459 553 3506 et
572 3451 733 3528 integritate
756 3452 829 3508 tueri
849 3461 879 3511 et
900 3452 1003 3510 virtute
1024 3453 1162 3510 conficere

161 3527 307 3605 40possit.
349 3527 407 3585 Sed
433 3528 460 3585 in
484 3528 538 3585 hoe
562 3528 624 3604 ipso
644 3530 681 3586 ab
702 3549 736 3587 eo
750 3530 992 3589 vehementissime
1016 3530 1180 3598 dissenti0,'
1306 3566 1319 3587 ι

209 3605 474 3682 quodstquominus
488 3614 565 3663 certa
579 3617 622 3664 est
636 3607 780 3665 hominnm
796 3628 829 3667 ao
842 3611 935 3667 minus
950 3611 1083 3667 diuturna
1094 3604 1159 3676 vita,

210 3685 265 3742 hoe
279 3685 369 3763 magis
390 3704 435 3742 res
449 3685 570 3762 publiea,
586 3686 654 3743 dum
676 3706 728 3763 per
742 3687 811 3745 deos
823 3688 996 3747 immortales
1016 3689 1091 3755 lieet,
1106 3689 1161 3745 frui

209 3764 297 3824 debet
310 3764 413 3822 summi
427 3763 479 3821 viri
492 3764 550 3821 vita
563 3774 648 3841 atque
662 3766 863 3825 virtute-60.
885 3768 928 3825 At
948 3768 1022 3826 enim
1036 3786 1071 3824 ne
1091 3767 1160 3845 quid

210 3844 276 3903 novi
303 3844 353 3903 fiat
375 3850 474 3902 oontm
494 3843 625 3922 exempla
645 3852 733 3921 atque
754 3845 883 3904 instituta
905 3846 1162 3925 majorum-Non
