2742 4384
363 819 445 929 n.
498 770 1123 932 o‘nvrnrrvan

582 1072 732 1165 ostano
753 1090 899 1156 anana

472 1406 478 1409 j
547 1324 612 1396 aa
653 1325 933 1441 QUIRITES.

614 1496 654 1546 ‘fl'
689 1508 731 1542 ,¹:¹²
761 1504 852 1541 ἷ(,·”
878 1486 902 1525 γ’
929 1512 965 1527 >⁸

305 1753 329 1809 I.
377 1757 403 1809 1.
433 1751 502 1808 Rau
523 1767 680 1814 asamona,
705 1748 836 1817 Quirites,
857 1750 1001 1828 vitamque
1023 1750 1147 1809 omnium
1168 1769 1215 1808 ve·

265 1839 364 1896 strum,
380 1831 454 1887 bona
467 1831 602 1896 fortunas,
618 1828 755 1906 conjuges
765 1829 925 1906 liberosque
935 1840 1045 1888 vestros
1059 1841 1146 1906 atque
1160 1830 1214 1887 hoo

267 1910 438 1967 domicilium
469 1909 615 1966 clarissimi
642 1907 758 1984 imperii,
783 1908 1032 1966 fortunatissimam
1062 1908 1214 1986 pulcherri-

265 2008 398 2064 mamque
412 1990 512 2046 urbem
528 1988 663 2044 hodierno
677 1987 723 2042 die
738 1987 855 2044 deorum
878 1987 1078 2044 immortalium
1103 2006 1215 2044 summo

237 2075 254 2125 5
266 2087 334 2145 erga
347 2087 397 2124 vos
412 2087 516 2134 amore,
532 2067 675 2124 laboribus
691 2066 811 2123 consiliis
823 2067 953 2143 perieulis
967 2068 1036 2123 meis
1050 2085 1085 2122 ex
1100 2067 1215 2122 flamma

265 2155 351 2222 atque
364 2146 438 2203 ferro
452 2166 485 2203 ae
501 2165 581 2222 paene
595 2165 630 2202 ex
644 2145 774 2201 saucibus
797 2146 849 2201 fati
863 2154 990 2221 ereptam
1005 2155 1034 2202 et
1055 2146 1134 2202 vobis
1149 2164 1213 2201 eon-

266 2233 407 2281 servatam
427 2244 460 2282 ao
474 2225 634 2282 restitutam
648 2223 756 2280 videtis.
800 2231 825 2281 2.
848 2225 893 2291 Et,
909 2225 932 2281 si
952 2244 1008 2281 non
1029 2224 1120 2280 minus
1133 2223 1214 2280 nobis

264 2303 381 2381 jucundi
402 2313 487 2381 atque
513 2305 635 2360 illustres
653 2311 719 2359 sunt
742 2303 760 2359 ii
782 2302 850 2369 dies,
879 2305 981 2379 quibus
1006 2321 1212 2368 conservamur,

266 2402 351 2458 quam
370 2382 418 2449 illi,
443 2384 544 2458 quibus
565 2381 713 2447 nascimur,
735 2383 812 2457 quod
833 2383 930 2439 salutis
951 2391 1029 2439 eerta
1049 2381 1147 2438 laetitia
1160 2390 1212 2448 est,

219 2467 256 2518 10
266 2461 399 2517 nascendi
413 2461 518 2518 incerta
532 2461 663 2526 conditio,
678 2468 708 2516 et
721 2461 798 2535 quod
813 2461 871 2517 sine
885 2480 970 2518 sensu
983 2462 1132 2527 nascimur,
1148 2479 1213 2517 cum

266 2540 413 2615 voluptate
433 2558 585 2605 servamur,
602 2539 739 2615 profecto,
755 2540 885 2613 quoniam
897 2540 994 2607 illum,
1011 2541 1059 2616 qui
1080 2540 1152 2595 hano
1166 2558 1212 2594 ur-

265 2618 331 2676 bem
354 2617 487 2683 condidit,
515 2617 551 2674 ud
574 2617 643 2673 deos
666 2616 840 2673 immortales
864 2617 1058 2675 benevolentia
1081 2618 1213 2693 famaque

266 2696 439 2763 sustulimus
464 2715 526 2753 esse
546 2697 624 2772 apud
646 2715 697 2752 vos
719 2701 903 2771 posterosque
927 2705 1036 2753 vestros
1059 2697 1086 2753 in
1107 2696 1213 2752 honore

266 2775 428 2842 debebitis
444 2776 491 2851 qni
505 2775 625 2832 eandem
643 2774 717 2830 hano
732 2775 831 2830 urbem
845 2773 987 2831 conditam
1001 2776 1212 2851 amplificatam·
1291 2829 1296 2839 ,

220 2859 321 2930 15que
343 2854 472 2911 servavit.
514 2853 590 2910 Nam
612 2854 664 2911 toti
685 2852 757 2919 urbi,
783 2852 896 2929 templis
920 2853 1052 2919 delubria,
1079 2853 1160 2910 tectis
1180 2871 1213 2910 ao

265 2934 407 2992 moenibus
431 2934 575 3010 subjectos
600 2951 689 3008 prope
709 2932 770 3009 jam
792 2932 872 3009 ignes
896 2932 1140 3008 circumdatosque
1168 2950 1212 2988 re-

266 3013 413 3070 stinximus
427 3013 568 3088 iidemque
583 3012 693 3089 gladios
707 3012 734 3067 in
748 3030 807 3068 rem
822 3012 964 3086 publicam
974 3012 1122 3068 destrictos
1136 3019 1212 3068 retu-

265 3091 359 3149 dimus
378 3110 581 3167 mucronesque
602 3110 698 3147 eorum
713 3111 730 3147 a
747 3091 854 3169 jugulis
868 3091 967 3148 vestris
982 3090 1143 3167 dejecimus.
1186 3096 1212 3146 3.

266 3170 338 3239 Qua
352 3172 483 3248 quoniam
497 3170 525 3227 in
539 3177 639 3227 senatu
659 3170 806 3236 illustrata,
821 3170 973 3245 patefacta,
989 3177 1134 3245 comperta
1147 3175 1214 3224 sunt

219 3253 256 3304 20
267 3270 317 3327 per
331 3269 385 3317 me,
400 3250 480 3306 vobis
492 3250 551 3327 jam
566 3268 705 3325 exponam
720 3250 850 3314 breviter,
866 3246 997 3316 Quirites
1013 3254 1088 3304 utet
1108 3253 1214 3323 quanta

266 3338 295 3386 et
309 3348 395 3405 quam
402 3329 550 3386 manifesta
561 3335 590 3385 et
603 3348 659 3404 qua
667 3329 774 3386 ratione
783 3328 952 3404 investigata
966 3336 995 3383 et
1009 3327 1213 3403 comprehensa

265 3408 329 3473 sint,
344 3426 404 3475 vos,
420 3409 468 3484 qui
482 3407 624 3483 ignoratis,
640 3427 675 3465 ex
689 3408 758 3465 actis
773 3408 843 3464 seire
859 3407 979 3482 possitis.

305 3487 455 3563 Principio,
471 3494 503 3543 ut
525 3486 644 3543 Catilina
658 3488 756 3563 paneis
777 3495 842 3542 ante
857 3486 957 3543 diebus
971 3485 1065 3561 erupit
1083 3503 1118 3541 ex
1131 3483 1212 3550 urbe,

266 3584 354 3642 quum
377 3566 489 3624 sceleris
517 3565 561 3622 sui
587 3566 686 3631 socios,
711 3566 831 3643 hujusce
858 3565 956 3621 nefarii
977 3565 1043 3621 belli
1063 3563 1213 3619 acerrimos

218 3645 354 3702 abduces
369 3645 469 3701 Romae
482 3644 647 3720 reliquisset,
659 3663 772 3720 semper
779 3643 891 3721 vigilavi
905 3650 937 3709 et
949 3642 1066 3718 providi,
1082 3641 1213 3710 Quirites
1274 3664 1277 3677 ·

265 3723 508 3801 quemadmodum
531 3722 666 3779 intentis
690 3728 721 3779 et
744 3729 803 3780 tam
822 3720 994 3807 abscoqditis
1016 3721 1120 3779 insidiis
1144 3718 1215 3777 salvi

265 3819 327 3862 esse
340 3821 498 3882 possemus.
