2742 4384
392 347 501 390 onarro
521 348 561 389 tv.
575 347 609 388 nr
628 347 800 399 summu,
815 348 881 390 cir.
896 349 929 400 n,
944 349 989 391 ιιι
1172 333 1212 392 80

207 496 307 536 meum
330 478 510 536 consulatum
528 476 711 536 adsalutem
734 477 917 557 reipublicae
939 497 1029 558 propa
1047 478 1164 539 fatalem

209 557 375 615 exstitisse?

251 637 292 693 H.
334 643 360 694 3.
383 636 486 706 Quare,
500 635 602 693 Patres
621 635 782 713 conscripti,
793 636 930 693 consulite
944 636 1033 705 robis,
1055 636 1162 715 prospi-

210 715 266 772 cite
286 715 396 791 patriae,
421 722 585 772 conservate
604 733 664 782 vos,
687 714 833 792 conjuges,
855 714 957 773 liberos
979 716 1162 793 {oramusque

209 800 329 860 vestras,
345 793 444 871 populi
464 792 586 850 Romani
608 811 711 850 nomen
725 793 846 851 salutem
868 812 904 852 ue
927 793 1078 860 defendite,
1094 796 1190 854 mitis

209 891 329 949 parcere
349 892 383 930 ac
402 872 439 930 de
459 891 505 930 me
525 871 649 950 cogitare
669 871 796 930 desinite.
867 891 913 930 am
934 858 1172 950 primum‘tleiiffi

209 969 325 1027 sperare
339 970 437 1009 omnes
458 948 536 1017 deos,
557 950 606 1027 qui
619 951 684 1008 huic
699 951 761 1009 urbi
801 951 941 1016 resident,
957 971 1010 1028 pro
1029 970 1063 1010 eo
1084 953 1161 1022 mihi,

209 1049 245 1086 ac
256 1048 374 1097 mereor,
387 1029 527 1088 relaturos
541 1048 602 1105 ἕο
615 1029 754 1107 gratiam
775 970 885 1095 deinde,
900 1030 923 1087 si
936 1030 1005 1107 quid
1014 1031 1160 1117 dulgent,

46 1134 112 1175 rito„
132 1108 295 1184 escaque
316 1109 409 1167 animo
433 1116 590 1186 paratoque
612 1108 724 1196 ΨΜ.
766 1108 842 1165 Nam
862 1128 953 1186 neque
973 1109 1065 1187 turpis
1085 1129 1161 1167 mors

92 1186 96 1199 “
209 1187 279 1243 forti
301 1186 361 1245 viro
385 1196 480 1264 potest
501 1186 630 1245 accidere
657 1205 748 1263 nsque
771 1187 922 1244 immatura
945 1189 1084 1246 consulari
1107 1208 1160 1247 noc
1173 1192 1209 1247 10

209 1266 314 1323 misera
327 1266 454 1343 sapienti.
495 1265 557 1323 Nec
566 1275 661 1323 tamen
674 1284 729 1343 ego
739 1284 803 1323 sum
817 1266 863 1323 ille
877 1266 992 1334 leneus,
1004 1267 1052 1345 qui
1066 1268 1160 1325 fratris

126 1344 128 1351 ’
209 1345 344 1401 carissimi
369 1351 401 1402 et
427 1344 611 1402 amantissimi
646 1345 792 1422 praesentis
819 1364 936 1403 maerore
963 1365 1018 1404 uon
1046 1365 1161 1404 movear
1181 1328 1245 1403 Μ

142 1448 155 1459 ν
208 1424 368 1501 horumque
395 1423 520 1481 omnium
547 1423 676 1488 lacrimis,
701 1440 719 1480 a
742 1422 845 1499 quibus
872 1444 916 1482 me
944 1410 1160 1483 circumeo—satim

208 1502 320 1560 videtis.
362 1503 464 1579 Neque
483 1521 577 1559 meam
596 1510 720 1559 mentem
743 1521 798 1559 uon
819 1501 935 1560 domum
954 1522 1031 1580 saepe
1046 1511 1160 1563 revocat

208 1582 369 1638 exanimata
382 1600 454 1637 uxor
467 1588 497 1638 et
510 1581 622 1658 abjecta
631 1588 709 1637 metu
723 1580 779 1637 filia
788 1590 818 1638 et
832 1583 966 1657 parvulus
981 1583 1061 1649 filius,
1073 1601 1158 1659 quem
1172 1584 1208 1638 lt

207 1659 277 1715 mihi
290 1660 403 1745 videtur
416 1660 551 1736 amplecti
571 1678 616 1716 res
630 1659 744 1737 publica
757 1668 901 1736 tamquam
916 1661 1043 1743 Qu
1058 1681 1158 1719 consu·
1188 1644 1234 1721 ,ἦ
1247 1662 1275 1713 (s

208 1739 285 1795 latus
309 1738 386 1807 meis
410 1756 503 1814 neque
523 1738 577 1804 ille,
599 1737 647 1814 qui
670 1749 839 1814 exspectans
863 1739 949 1816 hujus
973 1741 1078 1797 exitum
1104 1739 1160 1798 diei

137 1816 146 1831 ⁶
207 1817 306 1873 adstat
318 1816 347 1873 in
361 1823 516 1894 conspectu
529 1835 593 1874 mec
607 1835 702 1894 gener.
738 1817 854 1874 Morcor
868 1818 912 1874 his
926 1819 1010 1875 rebus
1021 1818 1158 1884 omnibus,

62 1873 164 1975 M
207 1896 260 1952 sed
281 1896 309 1952 in
322 1915 385 1954 eam
400 1904 519 1972 partem,
533 1896 574 1952 uti
596 1895 665 1953 salvi
678 1895 733 1953 sint
748 1896 893 1953 vobiscum
916 1914 1022 1961 omnes,
1037 1897 1121 1953 etiam
1136 1897 1160 1954 si

29 1976 194 2051 „ww
207 1993 254 2031 me
268 1975 311 2031 vis
325 1975 418 2051 aliqua
432 1974 612 2060 oppresserit,
627 1975 722 2052 potius
742 1993 828 2051 quam
850 1974 931 2031 etilli
946 1986 974 2030 et
988 1993 1039 2031 nos
1054 1975 1208 2033 unareito

1 2073 2 2102 ι
93 2068 99 2075 ·
208 2054 332 2129 publicae
353 2061 434 2130 peste
445 2071 604 2129 pereamus.
646 2059 673 2110 4.
696 2053 800 2122 Quare,
820 2052 922 2111 Patres
943 2053 1102 2130 conscripti,
1118 2054 1158 2111 in·

208 2133 334 2189 cumbite
347 2133 384 2189 ad
405 2132 527 2189 salutem
541 2132 579 2189 rei
594 2132 734 2208 publicae;
756 2131 875 2189 circums
896 2133 960 2190 icite
975 2151 1072 2189 omnes
1095 2152 1158 2210 pro·

208 2211 304 2276 cellas,
319 2230 383 2287 quae
396 2210 569 2287 impendent,
584 2210 636 2267 nisi
656 2210 817 2288 providetis.
889 2230 925 2268 on
946 2211 985 2268 Ti.
1003 2212 1158 2278 Gracchus,

74 2329 127 2359 ,Η
156 2326 179 2343 a
209 2290 288 2364 quod
307 2290 410 2346 iterum
430 2290 560 2347 tribunus
580 2289 657 2366 plebi
677 2290 737 2347 fieri
753 2289 851 2356 voluit,
866 2309 921 2348 non
946 2289 981 2347 C.
1002 2290 1158 2358 Gracchus,

100 2390 103 2403 ¹
209 2368 287 2443 quod
311 2368 436 2446 agrarios
460 2369 600 2426 concitare
624 2376 743 2426 conatus
767 2376 899 2435 estnon
923 2369 955 2426 L.
981 2368 1157 2436 Saturninus,
1169 2372 1207 2426 25

208 2446 286 2523 quod
312 2446 344 2504 O.
360 2447 527 2504 Memmium
550 2446 661 2515 occidit,
685 2448 713 2503 in
734 2447 882 2504 discrimen
896 2447 1010 2524 aliquod
1031 2457 1117 2525 atque
1131 2448 1159 2505 in

208 2533 312 2583 vestrae
332 2526 488 2583 severitatis
509 2525 648 2602 judicium
668 2525 838 2583 adducitur:
859 2534 992 2584 tenentur
1011 2526 1037 2594 ii,
1051 2527 1099 2604 qui
1120 2526 1158 2585 ad

207 2604 287 2661 urbis
301 2604 468 2671 incendium,
483 2603 520 2660 ad
534 2612 658 2677 vestram
672 2606 798 2662 omnium
820 2605 935 2672 caedem,
950 2606 987 2663 ad
1008 2606 1158 2663 Catilinam

208 2683 405 2760 accipiendum
433 2683 534 2741 Romae
562 2684 734 2740 restiterunt.
792 2683 935 2740 Tenentur
961 2684 1050 2742 literae
1078 2684 1159 2762 signa

208 2781 317 2828 manus,
333 2761 455 2838 denique
475 2762 557 2818 unius
578 2762 716 2839 cujusque
731 2762 883 2829 confessio;
903 2763 1088 2820 sollicitantur
1106 2763 1156 2819 Al-
1169 2765 1207 2818 30

68 2902 75 2909 ,
100 2871 104 2879 .
185 2840 359 2918 elobroges;
389 2840 502 2897 servitia
523 2840 699 2907 excitantur;
732 2840 852 2897 Catilina
871 2841 1035 2908 arcessitum
1065 2842 1159 2899 idest

208 2919 308 2976 initum
322 2918 479 2987 consilium,
494 2927 527 2976 ut
546 2919 700 2976 interfectis
714 2920 843 2977 omnibus
857 2938 988 2978 nemone
1002 2920 1039 2977 ad
1060 2920 1157 2997 deplo-

68 3059 83 3063 ,,
207 2997 329 3054 randum
344 2998 460 3073 quidem
480 2997 578 3074 populi
598 2968 727 3054 Romani
737 3016 838 3055 nomen
852 3008 938 3076 atque
951 2999 989 3056 ad
1003 2999 1158 3056 lamentan-

71 3088 81 3113 -.
162 3077 276 3177 Ram
289 3077 362 3133 tanti
375 3076 485 3152 imperii
498 3076 688 3133 calamitatem
701 3076 768 3133 relic
789 3085 881 3135 uetur.
932 3136 940 3151 ‚

82 3156 84 3161 ’
181 3182 207 3215 t..
249 3156 305 3212 ΙΙΙ.
348 3165 374 3213 5.
398 3155 469 3211 Haec
483 3155 576 3212 omnia
589 3153 694 3211 iudices
729 3155 879 3222 etulerunt,
891 3155 931 3214 rei
945 3155 1064 3213 confessi
1075 3160 1207 3223 sunt;85

1 3293 2 3304 ,
160 3298 164 3305 ,
208 3253 258 3292 vos
283 3234 381 3290 multis
407 3233 468 3309 jam
492 3232 605 3309 judiciis
630 3232 794 3310 judicastis:
829 3235 961 3310 primum,
989 3234 1066 3310 quod
1091 3234 1159 3292 mihi
1248 3306 1252 3313 ι

1 3313 2 3380 l
67 3306 88 3365 l,
111 3344 126 3365 ·.
192 3312 316 3390 ,gratias
342 3311 442 3391 egi-stis
468 3311 657 3389 singularibus
684 3314 786 3379 verbis,
814 3320 845 3370 et
865 3332 928 3371 mea
948 3312 1052 3370 virtute
1072 3322 1158 3388 atque

1 3389 2 3464 ,
73 3390 187 3441 ‘mal
209 3391 356 3468 diligentia
377 3388 552 3467 perditorum
574 3390 719 3447 hominum
740 3391 961 3469 conjurationem
985 3392 1158 3470 patefactam

209 3488 272 3526 esse
289 3469 470 3526 decrevistis:
492 3468 594 3525 deinde
608 3468 685 3544 quod
700 3470 732 3526 P.
748 3469 908 3535 Lentulum,
923 3478 956 3527 ut
969 3490 1000 3527 se
1014 3470 1159 3529 abdicaret

208 3555 344 3625 praetura,
368 3546 517 3624 coegistis;
538 3555 601 3604 tum
625 3548 702 3623 quod
723 3567 789 3606 eum
809 3557 838 3604 et
860 3556 977 3615 ceteros,
998 3549 1035 3605 de
1056 3547 1208 3624 quibusll)

205 3625 364 3704 judicastis,
376 3626 405 3683 in
419 3625 576 3682 custodiam
590 3625 699 3683 dandos
714 3627 868 3693 censuistis,
880 3626 1066 3703 maximeque,
1081 3627 1159 3701 quod

208 3724 273 3762 meo
293 3705 407 3762 nomine
428 3703 662 3780 supplicationem
682 3705 853 3771 decrevistis,
877 3705 925 3780 qui
947 3707 1036 3763 honos
1059 3714 1159 3781 togato

61 3810 111 3845 ru.
144 3792 188 3835 ri·
209 3783 324 3842 habitus
338 3790 404 3839 ante
418 3802 465 3839 me
480 3788 524 3839 est
537 3782 654 3849 nemini;
675 3795 820 3859 postremo
834 3785 965 3841 hesterno
979 3784 1024 3841 die
1043 3783 1159 3859 praemia

209 3861 311 3940 legatis
325 3860 820 3938 Allobrogum.'.[itoque.Volturcio
841 3861 958 3920 dedatis
977 3859 1157 3939 amplissima
