2742 4384
173 248 232 304 104
475 276 478 280 >
647 258 752 301 canno

224 388 345 482 populis,
367 389 404 450 de
417 407 537 468 quorum
557 389 643 449 rebus
656 389 796 456 scribitur,
817 389 883 447 haec
903 389 999 465 ampla
1017 395 1091 456 sunt,
1105 394 1168 446 tum

224 470 257 528 ris
271 477 355 536 certe,
370 470 418 547 qui
434 469 471 526 de
491 468 549 526 vita
562 467 659 547 gloriae
678 486 764 526 causa
777 467 919 535 dimicant,
940 469 995 526 hoc
1015 467 1169 525 maximum

226 554 256 607 61
276 548 462 625 periculorum
480 547 692 605 incitamentum
707 554 752 603 est
770 553 801 603 et
819 547 956 604 laborum.
1007 553 1053 603 24.
1075 546 1168 615 Quam

225 627 331 684 multas
358 627 508 703 scriptores
531 643 625 682 rerum
650 644 765 682 suarum
791 643 913 702 magnus
936 625 984 682 ille
1007 624 1170 682 Alexander

196 715 323 768 haecum
342 706 473 764 habuisse
488 704 604 762 dicitur!
644 705 742 780 Atque
761 703 786 760 is
805 711 909 770 tamen,
931 723 1020 780 quum
1038 704 1068 760 in
1084 703 1171 781 Sigeo

227 784 265 841 ad
285 784 405 842 Achillis
416 783 560 861 tumulum
579 781 743 849 adstitisset,
770 782 795 839 0
809 783 964 856 fortunate,
985 781 1082 859 inquit,
1104 783 1170 838 udo-

229 864 332 930 lescaas,
353 864 403 937 qui
417 870 471 919 tooe
484 862 597 918 61611116
613 861 766 918 Homerum
774 880 926 934 qaoecomm
939 863 1072 917 invocaris
1080 858 1094 917 !
1133 860 1172 917 111

228 960 310 1000 vere:
340 961 414 1009 nam,
436 940 489 998 nisi
513 940 579 997 Ihas
601 939 648 997 illa
675 940 835 1007 exstitisset,
860 940 935 997 idem
959 941 1095 1006 tumulus,
1123 938 1172 1015 qui

230 1039 332 1098 corpus
357 1021 420 1098 ejus
442 1023 612 1086 contexerat,
635 1037 740 1076 nomen
762 1018 847 1076 etiam
874 1019 1021 1076 obruisset.
1072 1017 1171 1087 Quid?

179 1106 217 1160 10
229 1107 325 1157 noster
347 1099 393 1157 hic
414 1099 543 1176 Magnus,
565 1097 613 1172 qui
634 1116 700 1154 cum
714 1097 816 1154 virtute
839 1097 982 1154 fortunam
1003 1096 1172 1173 adaequavit,

229 1196 321 1235 nonne
334 1178 534 1253 Theophanem
548 1176 752 1252 Mitylenaeum,
761 1174 926 1252 scriptorem
940 1195 1035 1233 rerum
1048 1194 1172 1249 suarum,

229 1256 259 1313 in
282 1256 412 1314 concione
434 1255 554 1312 militum
578 1254 690 1312 civitate
710 1254 845 1320 donavit;
866 1261 896 1311 et
919 1254 1007 1312 nostri
1026 1254 1065 1310 illi
1084 1253 1174 1310 fortes

230 1334 289 1401 viri,
305 1334 355 1391 sed
375 1333 471 1391 rustici
491 1352 524 1390 ac
538 1332 650 1400 milites,
666 1332 814 1391 dulcedine
835 1333 958 1409 quadam
980 1332 1077 1410 gloriae
1097 1350 1173 1389 com-

230 1412 309 1479 moti,
330 1413 410 1488 quasi
424 1411 574 1489 participes
588 1411 716 1488 ejusdem
732 1411 832 1478 laudis,
846 1430 950 1489 magno
964 1411 1032 1468 illud
1052 1410 1175 1467 clamore

182 1498 217 1553 15
232 1491 481 1567 approbaverrmt‘i
524 1497 569 1548 25.
592 1491 701 1565 Itaque,
717 1490 810 1556 credo,
826 1490 850 1547 si
870 1490 937 1547 civis
957 1491 1102 1546 Romanus
1116 1489 1174 1545 Ar-

232 1569 309 1627 chias
333 1569 442 1645 legibus
462 1586 518 1625 non
542 1575 624 1635 esset,
649 1574 682 1625 nt
703 1569 852 1644 abaliquo
875 1568 1043 1646 imperatore
1062 1568 1175 1625 civitate

232 1647 391 1713 donaretur,
421 1647 554 1723 perficere
580 1665 636 1703 non
660 1647 760 1724 potuit.
813 1647 900 1714 Sulla,
922 1667 1010 1723 quum
1031 1647 1174 1724 Hispanos

232 1726 349 1782 donaret
362 1732 392 1783 61
406 1726 512 1791 Gallos,
524 1725 617 1792 credo,
628 1726 704 1782 hunc
719 1732 863 1801 petentem
876 1725 1068 1803 repudiasset;
1089 1742 1175 1801 quem

232 1823 283 1861 nos
302 1804 331 1861 in
351 1804 482 1862 concione
503 1804 630 1870 vidimus,
640 1822 728 1880 quum
738 1803 764 1860 ei
773 1804 898 1862 libellum
920 1804 1012 1861 malus
1032 1810 1117 1880 poeta
1137 1802 1175 1859 de

93 1940 98 1947 .
182 1893 219 1946 20
233 1883 339 1961 populo
359 1883 534 1960 subjecisset,
555 1883 631 1959 quod
652 1883 826 1960 epigramma
849 1883 878 1939 in
891 1901 956 1940 enm
980 1883 1092 1939 iecisset
1112 1888 1174 1938 tan·

232 1963 379 2019 tummodo
392 1963 505 2020 alteruis
518 1962 645 2020 versibus
664 1961 853 2041 longiusculis,
868 1961 964 2018 statim
978 1980 1013 2018 ex
1032 1961 1065 2018 iis
1078 1961 1173 2026 rebus,

251 2059 302 2097 uas
317 2049 383 2097 tuuc
397 2041 544 2106 vendebat,
564 2041 664 2116 jubere
678 2040 704 2096 ei
718 2040 865 2116 praemium
878 2039 971 2107 tribui,
993 2039 1044 2096 sed
1058 2059 1092 2096 ea
1108 2052 1174 2096 con*

232 2060 345 2185 ditione,
369 2137 405 2176 ne
428 2118 495 2194 quid
521 2127 619 2194 postea
643 2118 785 2176 scriberet.
835 2118 890 2186 Qui
908 2118 1087 2175 sedulitatem
1109 2117 1176 2174 mali

233 2203 326 2274 poetae
338 2197 449 2255 duxerit
459 2197 552 2273 aliquo
564 2205 657 2254 tamen
669 2196 786 2274 praemio
796 2197 919 2275 dignam,
935 2197 1020 2273 hujus
1033 2197 1176 2274 ingenium

183 2286 220 2341 25
233 2286 262 2334 61
285 2276 416 2333 virtutem
439 2275 466 2332 in
485 2274 634 2332 scribendo
652 2284 681 2332 61
702 2275 812 2350 copiam
832 2295 888 2332 non
908 2276 1084 2352 expetisset?
1127 2281 1174 2332 26.

234 2355 330 2423 Quid?
361 2374 379 2411 a
403 2355 437 2423 Q.
453 2353 568 2411 Metello
590 2354 650 2420 Pio,
672 2354 886 2411 familiarissimo
910 2373 970 2420 suo,
995 2354 1043 2429 qui
1064 2353 1175 2411 civitate

232 2434 337 2491 multos
352 2433 474 2500 donavit,
495 2451 585 2508 neque
606 2451 701 2509 perse
715 2451 806 2508 neque
827 2451 877 2509 per
895 2432 1028 2489 Lucullos
1042 2433 1175 2509 impetra-

233 2511 340 2567 visset?
362 2512 409 2588 qui
418 2511 575 2588 praesertim
588 2529 677 2586 usque
686 2529 721 2569 eo
734 2510 770 2567 de
784 2511 841 2567 suis
854 2512 939 2568 rebus
953 2511 1035 2568 scribi
1049 2517 1175 2586 cuperet,

233 2596 267 2645 ut
280 2588 365 2646 etiam
381 2589 522 2647 Gordubae
542 2589 615 2646 natis
636 2589 726 2665 poetis
740 2589 843 2667 pingue
864 2589 998 2665 quiddam
1012 2589 1176 2647 sonantibus

183 2679 221 2732 30
234 2676 319 2743 atque
333 2667 512 2745 peregrinum
525 2680 621 2725 tamen
634 2687 716 2726 aures
730 2687 795 2724 suas
809 2668 933 2725 dederet.

273 2746 324 2803 XI.
346 2745 447 2821 Neque
461 2745 533 2803 enim
548 2754 592 2803 est
611 2747 665 2804 hoc
686 2747 927 2812 dissimulandum,
943 2746 1019 2821 quod
1033 2745 1177 2804 obscurari

234 2843 289 2881 non
300 2833 402 2900 potest,
417 2818 467 2881 sed
477 2843 536 2901 prae
548 2825 628 2883 nobis
642 2825 804 2882 ferendum:
826 2826 960 2881 trahimur
971 2843 1068 2881 omnes
1081 2824 1176 2880 studio

231 2902 326 2958 laudis
339 2908 368 2959 61
387 2902 510 2979 optimus
524 2903 641 2978 quisque
661 2904 782 2961 maxime
801 2903 891 2981 gloria
904 2903 1023 2960 ducitur.
1066 2903 1125 2978 Ipsi
1138 2902 1177 2959 illi

235 2980 395 3057 philosophi
408 2980 492 3037 etiam
505 2981 534 3037 in
547 2982 702 3049 iisdibelliS,
718 3001 789 3057 quos
813 2982 849 3038 de
864 2982 1068 3039 contemnenda
1087 2981 1177 3058 gloria

183 3070 221 3124 35
235 3059 367 3125 scribunt,
382 3078 483 3117 nomen
497 3079 579 3116 suum
593 3060 763 3118 inscribunt:
784 3061 812 3117 in
826 3079 860 3117 eo
876 3062 946 3136 ipso,
961 3060 1059 3135 inquo
1074 3059 1176 3136 praedi·

235 3138 373 3196 cntionem
397 3138 627 3214 nobilitatemque
654 3138 821 3216 despiciunt,
846 3139 994 3215 praedicari
1021 3138 1057 3195 de
1085 3156 1116 3194 se
1142 3155 1177 3194 ac

235 3216 370 3273 nominari
393 3218 498 3273 volunt.
549 3219 595 3275 27.
618 3216 751 3274 Decimus
775 3217 888 3293 quidem
912 3218 1025 3283 Brutus,
1050 3235 1178 3273 summus

234 3295 277 3351 vir
290 3302 319 3352 61
337 3295 498 3371 imperator,
513 3294 601 3362 Accii,
616 3296 774 3352 amicissimi
794 3296 846 3362 sui,
868 3296 1035 3353 carminibus
1056 3293 1176 3370 templo-

234 3392 297 3430 rum
311 3392 344 3430 ac
357 3381 602 3431 monumentorum
617 3375 710 3431 aditus
719 3374 863 3432 exornavit
876 3393 998 3431 sucrum.
1029 3374 1048 3431 J
1049 3392 1096 3429 am
1110 3391 1177 3429 vero

183 3459 222 3514 40
235 3451 289 3518 ille,
311 3452 359 3528 qui
383 3470 447 3508 cum
468 3451 574 3508 AEtolis
597 3453 688 3509 Ennio
712 3452 813 3509 comite
837 3452 951 3509 bellavit
978 3452 1094 3508 Fulvius
1120 3469 1178 3508 non

235 3529 374 3587 dubitavit
397 3529 494 3586 Martis
517 3531 664 3587 manubias
688 3530 776 3587 Musis
800 3548 969 3587 consecrare.
1019 3530 1121 3598 Quare,
1149 3530 1178 3585 in

234 3627 290 3684 qua
312 3610 381 3666 urbe
404 3608 588 3683 imperatores
610 3628 699 3685 propa
723 3609 822 3664 armati
846 3618 994 3684 poetarum
1018 3627 1120 3664 nomen
1148 3616 1179 3664 et

233 3686 380 3745 Musarum
395 3686 513 3742 delubra
524 3687 678 3754 coluerunt,
692 3687 721 3744 iu
735 3704 768 3743 ea
779 3705 834 3742 non
847 3687 952 3744 debent
965 3686 1056 3764 togati
1067 3686 1179 3763 judices

232 3783 250 3824 a
262 3767 410 3824 Musarum
422 3764 527 3822 honore
538 3771 567 3823 et
580 3783 598 3821 a
611 3773 760 3842 poetarum
773 3765 865 3821 salute
878 3766 1038 3822 abhorrere.
