2742 4384
215 329 254 387 at
473 408 477 419 ι
664 322 671 407 l
682 310 811 404 vonsrrol

261 474 389 533 turnitati
415 451 532 533 niodiiin
560 476 743 533 statuendum
757 450 866 535 ,vetere
893 477 1024 554 exemplo
1054 475 1213 555 putavistis,

262 564 373 633 panem
386 540 579 631 militianus
599 555 659 632 jam
683 556 829 690 suffindas
843 557 964 615 consero
987 567 1075 624 eant,
1097 557 1212 625 donne,

262 642 373 711 partem
392 633 537 691 Glabrioni
560 634 685 692 tradidit.
709 642 722 666 “
759 634 820 691 ulta
840 646 979 712 praetereo
993 636 1138 694 consulto:
1160 636 1213 694 sed

262 731 296 770 ea
308 732 359 770 vos
374 715 536 791 conjectura
556 713 868 790 perspicitestquantum
889 714 958 771 illud
978 714 1083 772 bellum
1104 716 1213 773 factum

234 797 252 849 5
262 792 376 868 putetis,
392 792 469 869 quod
490 792 664 871 conjungant
684 811 767 869 reges
781 793 976 869 potentissimi,
995 803 1131 851 renovent
1151 794 1213 872 agi·

262 879 331 927 tatae
345 872 480 938 nationes,
495 871 648 948 suscipiant
672 872 791 949 integrae
811 880 921 949 gentes,
941 891 1032 930 novus
1055 873 1213 950 imperator

261 958 357 1008 noster
371 951 498 1027 accipiat,
513 958 608 1008 vetere
622 950 747 1007 exercitu
761 950 851 1028 pulso.

301 1030 336 1087 X.
384 1024 535 1109 attactis
557 1029 625 1086 mihi
649 1030 740 1085 multa
761 1030 849 1087 verba
872 1029 972 1087 secisse
995 1019 1107 1096 videor]
1122 1048 1212 1107 quare

261 1117 337 1166 esset
363 1110 417 1167 hoc
446 1108 550 1167 bellum
578 1127 682 1186 genere
706 1108 769 1184 ipso
793 1110 990 1176 necessarium,
1015 1109 1212 1187 magnitudine

214 1188 467 1264 lopenoulosum,:
488 1194 585 1254 restat,
604 1194 635 1243 ut
656 1186 693 1243 de
713 1187 883 1263 imperatore
903 1188 941 1245 ad
963 1188 991 1245 id
1012 1188 1118 1246 bellurn
1140 1188 1210 1245 deli·

280 1267 401 1324 endonc
416 1267 501 1325 tantis
515 1267 600 1323 rebus
622 1266 801 1342 praeficiendo
822 1266 972 1324 dicendum
996 1286 1058 1324 esse
1071 1267 1208 1325 videatur.

259 1287 385 1413 innam,
396 1345 526 1415 Quirites,
536 1346 658 1402 virorum
669 1344 785 1402 fortium
795 1340 1083 1422 atqueinnocentium
1098 1346 1210 1422 copiam

126 1480 131 1489 ,
158 1470 174 1497 ‹.
259 1431 368 1481 tantam
391 1425 540 1497 haberetis,
555 1435 589 1481 ut
612 1425 674 1481 haec
699 1425 778 1481 robis
802 1425 967 1483 deliberatio
991 1425 1109 1483 difficilis
1122 1431 1210 1492 esset,

259 1521 410 1579 quemnam
431 1500 607 1581 potissimum
628 1503 714 1560 tantis
729 1505 814 1561 rebus
835 1522 868 1560 ac
889 1512 969 1562 tanto
992 1505 1066 1561 bello
1091 1504 1210 1581 praefici·

213 1586 249 1639 15
259 1582 362 1638 endum
378 1582 522 1659 putaretis.
557 1582 641 1640 Nunc
655 1601 723 1639 vero
737 1601 825 1659 quum
840 1584 877 1640 sit
890 1602 963 1641 unus
978 1584 1029 1640 On.
1044 1583 1209 1660 Pompeius,

258 1661 375 1736 quinon
389 1661 474 1719 modo
488 1681 585 1719 eorum
600 1662 754 1728 hominum,
770 1662 819 1738 qui
832 1680 906 1719 nunc
925 1670 998 1730 sunt,
1013 1662 1140 1741 gloriam,
1156 1661 1210 1720 sed

258 1739 343 1796 etiarn
356 1740 528 1818 antiquitatis
547 1740 830 1798 memoriamuirtute
849 1761 882 1798 su
977 1752 996 1808 t,
1018 1760 1141 1818 quaeres
1154 1747 1209 1807 est,

967 1742 973 1754 0

257 1839 322 1895 quae
334 1820 503 1898 cujusquam
517 1820 641 1877 animum
655 1820 683 1876 in
697 1820 751 1877 hac
761 1839 846 1877 causa
860 1760 977 1878 iffi
988 1821 1081 1878 facere
1095 1820 1208 1896 possit?

222 1938 227 1945 -
256 1895 304 1959 28⁴.
316 1896 389 1978 lEgo
403 1899 477 1957 enim
491 1900 530 1957 sie
544 1889 696 1965 existimos'
704 1899 733 1956 in
754 1918 864 1957 summo
887 1899 1056 1976 imperatore
1073 1906 1210 1976 quattuor

210 1980 309 2035 20has
333 1999 378 2036 res
400 1980 490 2036 inesse
513 1987 652 2055 oportere,
676 1978 821 2035 scientiam
843 1979 883 2035 rei
904 1979 1038 2046 militaris,
1063 1979 1206 2045 virtutem,

257 2059 462 2124 auctoritatem,
478 2058 649 2115 felicitatem.
693 2057 762 2125 Quis
782 2058 868 2135 igitur
880 2058 935 2114 hoc
949 2056 1208 2115 hominescientior

255 2156 380 2215 unquam
394 2144 444 2194 aut
457 2137 511 2194 fuit
524 2145 574 2194 aut
585 2155 646 2195 esse
660 2136 782 2194 debuit?
801 2132 881 2214 quie
895 2135 964 2193 ludo
977 2146 1064 2213 atque
1078 2128 1218 2273 pueritia]

257 2215 408 2293 disciplinis
422 2216 497 2274 bello
510 2217 632 2273 maximo
646 2223 733 2291 atque
754 2216 894 2281 acerrimis
908 2216 1037 2273 hostibus
1058 2215 1096 2272 ad
1117 2215 1211 2292 patris

256 2297 410 2353 exercitum
430 2305 516 2372 atque
539 2296 567 2352 in
588 2294 695 2353 militiae
709 2294 884 2371 disciplinam
908 2295 1053 2371 profectus
1074 2302 1118 2352 est
1128 2298 1149 2360 ς*
1156 2290 1209 2370 ᾳῑιῖ

210 2376 247 2431 25
257 2382 382 2431 extrema
397 2375 515 2451 pueritia
535 2375 614 2432 miles
628 2375 656 2432 in
670 2374 796 2431 exercitu
820 2374 874 2430 suit
894 2373 997 2430 summi
1016 2372 1204 2450 imperatorie,

234 2452 368 2510 ¹’ineunte
389 2454 577 2511 adolescentia
597 2453 714 2510 maximi
729 2452 789 2530 ipse
804 2452 943 2510 exercitus
963 2450 1205 2529 imperatorrqui

256 2530 360 2606 saepius
383 2552 449 2588 cum
469 2534 552 2591 hoste
577 2531 708 2598 conflixit,
730 2550 817 2608 quam
837 2531 986 2608 quisquam
1008 2542 1084 2588 cum*
1092 2530 1205 2587 inimico

256 2610 442 2677 concertavit;
464 2612 546 2688 plura
559 2612 633 2670 bella
646 2610 743 2689 gessit,
753 2629 838 2687 quam
849 2611 934 2667 ceteri
944 2610 1074 2688 legerunt
1083 2629 1090 2676 ;
1099 2609 1204 2685 ‘plures

256 2688 412 2766 provincius
433 2691 562 2758 confecit,
583 2709 669 2768 quam
688 2690 733 2746 alii
754 2689 1093 2766 concupiverunt;⁴“cujus
1107 2687 1203 2745 adole·

209 2770 247 2823 80
256 2767 361 2824 scentia
374 2768 411 2825 ad
436 2769 578 2828 scientiam
593 2769 633 2826 rei
653 2769 778 2826 militaris
792 2788 848 2826 non
862 2768 957 2825 alienis
978 2768 1136 2845 praeceptis,
1151 2765 1204 2823 sed

255 2846 313 2903 suis
332 2847 463 2925 imperiis,
479 2867 534 2905 non
553 2848 752 2907 offensionibus
773 2848 848 2915 belli,
862 2847 912 2905 sed
928 2846 1056 2921 victoriis,
1079 2865 1135 2904 non
1153 2845 1203 2902 sti·

254 2925 374 3004 pendiis,
395 2926 445 2983 sed
466 2927 616 3004 triumphis
636 2935 692 2996 est,
704 2927 821 2984 erudita.
863 2926 950 2991 Quod
972 2925 1092 3001 denique
1112 2943 1204 3003 genus

206 3014 224 3051 :,
254 3023 316 3062 esse
341 3004 406 3063 belli
429 3014 538 3083 potest,
547 3007 576 3063 in
596 3025 653 3083 quo
674 3006 753 3063 illurn
774 3024 829 3062 non
852 3005 1008 3063 exercuerit
1029 3005 1142 3062 fortuna
1161 3002 1203 3061 rei

254 3083 398 3160 publicae‘?
451 3085 547 3152 Civile,
570 3085 745 3150 Africanum,
769 3085 992 3161 Transalpinam,
1015 3083 1203 3160 Hispaniense

207 3153 374 3220 itimixtum
387 3183 422 3221 ex
441 3164 562 3221 incitatis
577 3172 662 3240 atque
677 3163 893 3221 bellicosissimis
911 3162 1078 3229 nationibus,
1092 3161 1201 3229 servile,

253 3244 354 3299 navale
374 3243 489 3309 bellum,
504 3242 582 3299 varia
595 3249 624 3299 et
645 3242 755 3299 diversa
768 3261 873 3320 genera
892 3250 922 3300 et
946 3242 1083 3299 bellorum
1098 3249 1127 3298 et
1150 3241 1202 3297 ho

254 3321 349 3389 stium,
373 3341 429 3379 non
449 3323 542 3379 solum
565 3328 646 3400 gesta
661 3321 697 3378 ab
721 3322 776 3379 hoc
790 3340 855 3387 uno,
880 3321 931 3379 sed
954 3320 1201 3386 etiamssoonfecta,

253 3400 360 3457 nullam
375 3419 434 3458 rem
449 3419 510 3458 esse
524 3392 716 3458 declarant‘in
730 3419 784 3458 usu
804 3400 926 3477 positam
939 3398 1058 3467 militari,
1069 3417 1135 3476 quae
1148 3399 1202 3455 hu-

251 3478 300 3555 jus
313 3480 365 3537 viri
378 3480 520 3537 scientiam
534 3480 633 3557 fugere
648 3479 744 3556 possit.

206 3560 245 3613 40
293 3559 345 3618 XI.
381 3553 515 3616 nubtam
528 3577 595 3614 vero
605 3558 702 3614 virtuti
716 3558 767 3616 On.
782 3557 910 3636 Pompeii
924 3576 988 3635 quae
1002 3562 1098 3633 potest
1112 3555 1203 3614 oratio

254 3654 307 3715 par
327 3636 465 3696 inveniri?
507 3636 582 3705 Quid
604 3643 655 3704 est,
677 3637 755 3712 quod
777 3639 925 3714 quisquam
946 3644 996 3694 aut
1015 3636 1062 3693 illo
1082 3636 1203 3713 dignum

253 3725 303 3774 aut
327 3716 406 3774 vobis
429 3734 534 3773 norum
556 3722 606 3772 aut
630 3715 761 3793 cuiquam
784 3717 941 3774 inauditum
966 3716 1055 3792 possit
1078 3715 1202 3771 afferre?

231 3790 354 3875 '‘Neque
368 3796 442 3853 enim
455 3794 511 3852 illae
525 3801 590 3852 sunt
604 3794 673 3852 soloe
686 3795 803 3853 virtutes
823 3796 1019 3872 imperatoriae,
1034 3812 1101 3870 quae
1113 3794 1203 3871 vulgo

253 3875 456 3943 existimantur,
464 3873 545 3934 labor
553 3874 581 3932 in
589 3874 717 3953 negotiis,
727 3875 863 3933 fortitudo
873 3874 902 3932 in
914 3873 1054 3952 periculis,
1065 3872 1205 3932 industria
