2742 4384
227 269 267 329 82
659 285 766 328 oasuo
786 285 830 328 rm
907 290 915 297 ·
971 248 1014 291 '²'

273 414 314 474 sic
327 413 424 474 furtim
437 432 637 493 nonnunquam
651 416 726 475 inter
739 436 770 476 se
784 415 987 495 adspiciebant,
998 424 1033 477 ut
1044 437 1101 479 non
1111 419 1173 499 jam
1184 420 1223 482 ab

273 494 334 553 aliis
346 494 471 562 indicari,
485 494 537 553 sed
550 495 604 572 ipsi
617 514 634 551 a
649 514 680 554 se
694 496 864 555 viderentur.

312 574 366 632 VI.
388 574 501 632 Iudiciis
515 574 649 651 expositis
662 582 748 652 atquc
763 575 853 642 editis,
865 575 997 644 Quirites,
1012 585 1142 636 senatum
1155 598 1222 637 con·

273 652 356 720 sului,
371 652 407 715 de
422 671 533 710 summa
546 653 702 730 republica
716 654 784 731 quid
799 653 858 711 fieri
872 653 1006 731 placeret.
1048 656 1141 714 Dictae
1154 666 1222 716 sunt

245 739 291 792 ba
308 731 480 810 principibus
494 732 637 790 acerrimae
650 750 684 790 ac
705 733 865 791 senissima
878 733 1032 802 sententiae,
1047 754 1118 812 quas
1139 755 1219 794 sena-

272 817 320 869 tus
333 811 392 869 sine
404 811 462 867 ulla
475 811 611 869 varietate
621 819 666 868 est
679 821 857 871 consecutus.
898 812 936 869 Et
949 813 1082 890 quoniam·
1094 815 1221 874 nondum

272 899 317 948 est
330 889 518 968 perscriptum
533 897 647 948 senatus
661 891 831 957 consultum,
845 909 880 949 ex
894 892 1028 949 memoria
1041 893 1131 961 vobis,
1153 894 1220 963 Qui-

186 1008 192 1017 ·
271 969 348 1037 ritca,
363 968 431 1047 quid
452 977 566 1026 senatus
580 969 729 1038 censuerit,
744 988 893 1047 exponam.
937 976 982 1027 14.
1003 970 1132 1030 Primum
1152 973 1221 1032 mihi

271 1048 371 1127 gratiae
399 1047 490 1105 verbis
514 1047 692 1124 amplissimis
713 1057 846 1127 aguntur,
874 1048 951 1124 quod
975 1049 1228 1113 virtute.consilio.

224 1131 263 1185 10
293 1126 447 1185 rovidentia
460 1145 582 1184 maeres
602 1126 717 1203 publica
735 1127 863 1184 maximis
881 1126 1011 1205 periculis
1025 1128 1062 1186 sit
1084 1129 1219 1199 liberam

271 1147 373 1264 deinde
386 1206 418 1263 L.
434 1204 553 1263 Flaccus
567 1213 597 1263 et
621 1205 654 1263 0.
669 1205 846 1282 Pomptinus,
861 1216 1007 1296 praetores,
1021 1208 1099 1284 quod
1119 1227 1219 1268 eorum

271 1302 358 1363 opera
371 1285 436 1342 forti
457 1284 588 1360 fidelique
602 1303 670 1341 usus
685 1304 785 1351 essem,
800 1292 900 1356 mento
914 1304 947 1343 ac
966 1286 1030 1363 juta
1051 1285 1218 1346 laudantur:

270 1371 357 1440 atque
378 1364 461 1421 ctiam
478 1363 536 1420 viro
557 1363 631 1429 forti,
646 1363 764 1442 collegis
785 1364 934 1431 nicolaus
958 1363 1125 1442 impertitur,
1140 1366 1219 1443 quod

270 1462 327 1508 eos,
342 1443 389 1520 qui
404 1443 489 1520 hujus
504 1442 703 1519 conjurationis
718 1442 871 1520 participes
891 1443 1018 1510 luissent,
1033 1462 1051 1501 a
1064 1445 1122 1502 suis
1135 1454 1165 1502 et
1179 1446 1219 1504 rei

137 1550 142 1559 ·
224 1527 260 1583 15
291 1521 392 1579 ublicae
413 1521 533 1579 consiliis
553 1521 726 1580 removisset.
767 1522 865 1598 Atque
885 1521 925 1578 ita
938 1531 1115 1590 censuerimt,
1130 1532 1163 1580 ut
1183 1524 1216 1583 P.
1290 1568 1296 1575 .

269 1540 414 1667 ientulua
424 1620 512 1678 quum
526 1619 557 1657 se
568 1609 694 1678 praetura
707 1599 874 1667 abdicasset,
884 1601 912 1658 in
921 1601 1079 1659 custodiam
1094 1602 1218 1660 tradere-

269 1684 332 1735 tur:
353 1688 439 1756 atque
463 1679 538 1736 idem
558 1679 612 1737 hoc
627 1679 772 1737 decretum
789 1687 832 1737 est
847 1679 875 1736 in
888 1679 920 1737 L.
943 1679 1081 1747 Cassium,
1115 1680 1144 1738 ui
1165 1681 1218 1740 sibi

269 1758 495 1836 procurationem
515 1758 697 1816 incendendae
711 1758 789 1816 urbis
803 1758 878 1836 depo
899 1768 1025 1816 oscarat:
1046 1759 1075 1815 in
1095 1700 1136 1817 li.
1153 1760 1216 1818 (ἓω-

269 1837 387 1913 parium,
403 1837 448 1895 cui
462 1836 500 1894 ad
520 1837 711 1895 sollicitandos
726 1846 853 1914 pastores
867 1779 1003 1915 Apuliam
1018 1856 1079 1895 esse
1098 1838 1217 1897 attribu·

221 1922 328 1976 aotam
342 1924 403 1973 erat
424 1916 592 1973 indicatum:
614 1916 641 1974 in
663 1916 696 1974 P.
713 1915 837 1983 Furium,
852 1916 899 1993 qui
922 1924 966 1973 cst
986 1934 1021 1973 ex
1043 1915 1076 1973 iis
1100 1917 1215 1986 colonis,

268 2014 340 2071 quos
353 1995 479 2053 Faesulas
492 1995 524 2054 L,
543 1995 623 2053 Sulla
643 1995 777 2052 deduxit:
798 1995 826 2051 in
848 1994 881 2064 Q.
899 1994 1034 2051 Manlium
1056 1994 1216 2064 Chilonem,

267 2074 316 2150 qui
337 2092 393 2131 uua
417 2094 482 2132 cum
504 2074 558 2132 boc
578 2073 662 2131 Furio
684 2092 744 2131 sem
783 2093 797 2129 r
818 2084 880 2130 erat
901 2073 928 2130 iu
949 2073 1003 2130 hac
1023 2073 1215 2153 Allobrogum

267 2152 462 2211 sollicitatione
481 2162 624 2210 versatus:
645 2152 672 2209 in
694 2153 727 2211 P.
772 2152 928 2217 mbrenum,
943 2151 1104 2209 libertinum
1126 2152 1215 2211 homi·

267 2251 341 2299 nem,
364 2250 381 2287 a
402 2251 459 2309 quo
480 2232 603 2309 primum
626 2231 724 2288 Gallos
738 2231 775 2288 ad
799 2230 949 2288 Gabinium
974 2230 1127 2307 perductos
1152 2250 1215 2290 essa

220 2316 258 2373 25
267 2311 440 2377 constabat),
455 2318 500 2370 15.
521 2311 619 2386 Atque
634 2329 666 2367 aa
681 2310 795 2367 lenitate
809 2317 923 2366 senatus
937 2328 1005 2366 usus
1019 2317 1071 2375 est,
1083 2309 1214 2379 Quuitcs,

267 2397 301 2446 ut
320 2409 356 2447 cx
374 2396 453 2446 tanta
467 2389 659 2467 conjuratione
678 2397 814 2466 tantaque
828 2387 855 2444 vi
875 2407 908 2445 ac
925 2387 1104 2445 multitudine
1118 2388 1215 2447 dome·

267 2468 400 2525 eticorum
424 2468 547 2526 hostium
560 2486 661 2525 novem
681 2467 827 2524 bominum
845 2466 1095 2543 perditissimorum
1119 2484 1214 2543 poena,

267 2564 298 2603 re
311 2546 424 2622 publica
437 2556 602 2604 conservata
623 2546 793 2622 reliquorum
807 2554 915 2602 mentes
929 2545 1020 2602 sanari
1043 2565 1127 2622 posse
1141 2546 1214 2604 arbi·

267 2631 397 2683 traretur.
438 2626 536 2702 Atque
558 2625 643 2683 etiam
665 2623 835 2702 supplicatio
862 2623 915 2680 diis
937 2624 1140 2682 immortalibus
1162 2643 1215 2702 pro

219 2703 401 2782 aosingulan'
422 2723 518 2761 eorum
543 2704 642 2763 merito
662 2723 726 2761 mco
747 2703 858 2761 nomine
872 2702 988 2760 decreta
1007 2712 1058 2767 cst,
1075 2703 1215 2772 Quiritem

267 2782 344 2860 quod
365 2783 433 2841 mihi
447 2782 568 2859 primum
582 2794 648 2861 post
669 2784 742 2840 hanc
757 2782 856 2840 urbem
871 2780 1011 2838 conditam
1035 2790 1134 2859 togato
1149 2801 1214 2839 con·

267 2861 347 2939 tigit:
376 2872 406 2920 et
429 2862 473 2920 his
496 2861 611 2920 decreta
632 2862 725 2921 verbis
746 2869 799 2927 cst,
825 2862 909 2929 Quoo
934 2879 1034 2918 caeru
1056 2880 1214 2928 meminis,

267 2959 353 2999 emon
368 2960 460 3009 erras,
483 2942 606 2999 Irsmau
625 2960 715 2999 cunco
730 2959 916 2997 maanassau.
959 2940 1031 3009 Quae
1045 2938 1215 3017 supplicatio

267 3021 291 3078 si
315 3039 381 3078 cum
405 3021 505 3079 ceteris
528 3020 781 3099 supplicationibus
805 3019 973 3085 conseratur,
999 3018 1130 3087 Quirites,
1160 3020 1215 3077 hoc

220 3099 383 3167 85intersit,
403 3099 481 3177 quod
505 3110 608 3157 ceterae
632 3100 703 3158 bene
727 3109 817 3176 gesta,
838 3098 899 3155 hacc
919 3115 976 3153 una
999 3106 1164 3154 conservata
1184 3116 1215 3156 ra
1246 3158 1256 3173 ‚

267 3179 382 3257 publica
395 3178 547 3237 constituta
567 3186 618 3236 est.
660 3180 759 3255 Atque
782 3176 861 3243 illud,
876 3176 952 3253 quod
975 3175 1136 3233 faciendum
1158 3176 1214 3310 pri·

266 3277 346 3315 mum
359 3258 422 3326 fuit,
433 3257 541 3315 iactum
555 3266 640 3334 atque
654 3264 827 3314 transactum
838 3264 889 3312 est
931 3254 1005 3312 Nam
1022 3254 1054 3311 P.
1066 3254 1158 3311 Lentu
1171 3274 1215 3320 us,

266 3355 438 3414 quamquam
456 3337 614 3415 patefactus
628 3335 735 3393 indiciis
748 3345 778 3393 et
791 3334 1013 3392 confessionibus
1027 3333 1093 3398 suis,
1107 3333 1216 3409 jndicio

267 3425 381 3474 senatus
402 3436 458 3473 non
472 3415 557 3473 modo
571 3414 699 3491 praetoris
710 3414 767 3491 jus,
783 3412 979 3470 verumetiam
994 3412 1060 3469 civis
1074 3412 1215 3480 animarat,

219 3500 362 3556 40tamen
381 3496 550 3574 magistratu
571 3512 602 3551 se
626 3492 783 3551 abdicavit:
806 3500 846 3558 ut,
862 3510 927 3567 qum
948 3491 1046 3568 religio
1065 3490 1097 3547 C.
1114 3489 1215 3559 Mario,

267 3573 419 3632 clarissimo
433 3575 500 3639 viro,
515 3592 571 3631 non
585 3573 763 3648 iuerat,²qoo
777 3570 867 3628 miuus
885 3570 918 3627 Ο.
935 3568 1091 3633 Glauciam,
1107 3567 1144 3626 de
1157 3587 1217 3645 quc

266 3652 334 3710 nihil
349 3653 511 3710 nominatim
525 3660 586 3709 erat
606 3651 760 3716 decretum,
780 3658 930 3727 praetorem
945 3647 1094 3714 occideret,
1110 3665 1144 3703 ea
1164 3666 1217 3706 nos

266 3731 316 3790 reli
337 3732 399 3789 'one
412 3731 439 3788 in
454 3730 562 3809 privato
576 3731 609 3787 P.
625 3729 746 3787 Lentulo
761 3728 902 3807 puniendo
917 3727 1106 3785 liberaremur.

336 3810 375 3868 IL
419 3816 465 3869 16.
486 3809 579 3879 Nunc,
604 3808 745 3888 quoniam,
767 3807 898 3878 Quirites,
912 3803 1119 3866 sceleratissimi
1141 3805 1218 3885 peri-
