2742 4384
411 44 813 237 QZ·
866 52 904 211 .'
946 116 1036 223 cu

660 604 729 665 m

317 776 402 889 lla,
445 774 1081 899 (llll'lllllallNAlll

433 1018 699 1089 *ΟΜ-ΜΟ
730 1019 969 1087 PRIMA‘

355 1174 616 1295 -elnim
659 1219 713 1293 ιιι
755 1219 1031 1297 sunnin.-

260 1660 285 1717 Ι.
338 1664 364 1717 1.
395 1658 555 1727 Quousoue
587 1656 703 1715 tandem
732 1658 858 1725 abutere,
884 1658 1013 1725 Catilina,
1037 1659 1172 1736 potientis

220 1737 340 1795 nostre?
381 1736 526 1806 Quamdiu
552 1736 637 1794 etiem
664 1737 743 1793 furor
770 1736 823 1794 iste
850 1745 917 1794 tuus
945 1734 1023 1855 [noed
1051 1737 1171 1796 eludet?

222 1817 315 1885 Quem
335 1815 374 1872 ad
397 1815 482 1873 finem
501 1833 563 1872 sese
581 1815 717 1872 effrenato
734 1816 855 1891 jactabit
875 1815 1013 1873 audacio.
1059 1816 1171 1873 Nihilne

221 1902 251 1952 te
273 1904 443 1951 nocturnum
462 1892 625 1969 praesidium
646 1892 758 1959 Palatii,
783 1893 851 1950 nihil
871 1893 949 1952 urbis
970 1893 1082 1970 vigiliae,
1104 1895 1171 1951 nihil

222 1974 306 2030 timor
328 1972 437 2048 populi,
459 1971 526 2028 nihil
544 1990 697 2029 concursus
723 1973 859 2027 bonorum
881 1971 1013 2037 omnium,
1035 1972 1100 2030 nihil
1127 1972 1199 2031 hicn

222 2050 423 2108 munitissimus
437 2049 558 2108 habendi
573 2060 687 2106 senatus
701 2050 789 2115 locus,
805 2049 873 2106 nihil
887 2050 986 2106 horum
1002 2068 1052 2106 ore
1062 2052 1170 2108 vultus·

222 2149 279 2206 quie
292 2129 465 2186 moverunt?
504 2128 607 2186 Patere
629 2136 678 2185 tuo
693 2128 807 2185 consilia
821 2147 876 2185 non
891 2127 1001 2185 sentis?
1046 2129 1171 2187 Constri-

222 2217 300 2266 clam
319 2207 379 2284 jam
393 2207 496 2264 horum
509 2206 632 2264 omnium
647 2206 817 2265 conscientia
837 2206 924 2264 teneri
949 2207 1171 2283 conjurationem

222 2295 302 2372 Qm
328 2304 385 2342 non
406 2285 509 2344 vides?
559 2284 633 2354 Quid
660 2284 795 2361 proxime,
823 2284 891 2361 quid
919 2286 1061 2363 superiore
1088 2296 1171 2344 nocte

113 2390 135 2437 2
143 2377 192 2438 45
216 2348 322 2450 segio-iis,
337 2363 386 2421 ubi
409 2363 503 2431 fueris,
525 2382 596 2440 quos
610 2363 814 2431 convocaveris,
836 2363 903 2440 quid
927 2364 1031 2445 ocyus-ilii
1051 2364 1168 2442 ceperis,
1182 2364 1220 2418 lo

221 2461 307 2519 quem
335 2451 461 2499 nostrum
485 2442 615 2520 ignorare
639 2441 806 2500 arbitreris?
852 2448 877 2499 2.
908 2436 1102 2520 O‘tcmpora!
1144 2443 1170 2501 Ο

221 2521 333 2578 mores!
374 2520 496 2578 Senatum
517 2521 581 2591 haec
605 2520 744 2597 intelligit,
768 2521 864 2578 consul
886 2521 979 2579 videl:
1006 2522 1051 2579 hic
1075 2532 1170 2579 tomen

221 2599 297 2656 vivit.
347 2598 449 2656 Vivit?
499 2600 590 2656 Immo
613 2617 681 2655 vero
705 2599 789 2656 etiam
813 2598 840 2656 in
862 2610 991 2657 senatum
1014 2600 1107 2658 venit:
1138 2599 1171 2658 fit

221 2677 328 2754 publici
341 2677 446 2735 consilii
460 2672 619 2755 pnrti'oepsi
639 2687 760 2735 notaret
772 2672 1047 2759 designatoculised
1059 2677 1169 2736 caedem

120 2794 128 2805 ·
221 2774 416 2832 unum-quem
435 2774 471 2831 ue
491 2763 627 2813 nostrum.
669 2754 731 2811 Nos
744 2764 848 2823 eutem,
864 2756 913 2813 viri
938 2756 1034 2822 fortes,
1059 2756 1168 2814 salissa·
1182 2757 1218 2810 15

19 2836 24 2843 '
221 2824 285 2893 cele
300 2776 483 2915 te‘hlllleae
498 2833 634 2898 videmur,
649 2832 671 2890 ei
685 2833 766 2890 istius
779 2834 903 2891 furorem
920 2853 954 2892 oc
969 2834 1026 2897 tela
1039 2833 1168 2892 vitemus.

221 2913 271 2969 Ad
297 2922 417 2970 mortem
439 2922 476 2980 le,
502 2911 629 2978 Catilina,
655 2911 721 2969 duci
745 2912 828 2989 jussu
855 2913 977 2970 consulis
998 2912 1169 2989 jampridem

220 2990 395 3067 oportebetd
415 2989 444 3047 iu
467 2999 497 3048 tc
517 2990 635 3048 conferri
657 2999 766 3067 pestem
786 2988 884 3065 'utem
906 3010 992 3067 quam
1011 2999 1044 3047 tu
1067 2992 1095 3048 in
1119 3010 1170 3048 nos

220 3087 319 3125 omnes
331 3068 442 3144 jamdiu
456 3068 630 3127 machinaris?
672 3075 698 3125 3.
721 3069 768 3125 An
784 3087 850 3127 vcro
864 3069 905 3125 vir
923 3069 1119 3144 amplissimus,
1135 3070 1168 3127 Ρ.

221 3147 327 3223 Scipin,
342 3146 468 3223 pontifex
482 3137 629 3215 maximus,
650 3146 691 3207 Ti.
707 3146 869 3204 Gracchum
894 3146 1071 3204 mediocriter
1094 3147 1169 3206 lube·
1180 3146 1219 3199 20

221 3227 376 3287 lactentem
389 3234 498 3281 statum
510 3224 686 3301 rei-publioae
703 3225 829 3300 privatus
843 3224 998 3282 interfecit:
1021 3226 1169 3283 Catilinum

220 3305 320 3361 orbem
343 3311 427 3379 ternae
449 3302 530 3373 coede
543 3310 629 3379 atquo
650 3302 784 3367 incendiis
798 3313 908 3360 vastare
929 3302 1097 3378 cupientem,
1118 3323 1170 3362 nos

152 3412 161 3435 ι
220 3380 358 3445 consules*
370 3381 567 3458 perferemus?
618 3380 693 3447 Nam
713 3380 760 3437 illa
781 3380 861 3438 nimis
881 3380 996 3456 antiquo
1020 3392 1168 3458 praetereo,

219 3458 299 3535 quod
315 3460 346 3516 0.
362 3458 497 3516 Servilius
517 3459 612 3531 Ahala
632 3459 682 3535 Sp.
701 3458 837 3533 Maelium,
852 3458 930 3516 novis
951 3459 1035 3516 rebus
1054 3460 1168 3517 studen-

218 3545 289 3602 tem,
304 3556 351 3593 ma
369 3557 389 3593 u
403 3534 456 3594 suo
469 3536 579 3604 occidit.
621 3536 696 3603 Fuit,
710 3536 765 3593 fuit
784 3536 838 3593 ista
854 3535 997 3613 quondam
1018 3536 1046 3593 in
1066 3538 1120 3595 heo
1139 3558 1168 3597 re
1179 3539 1216 3592 ‘25

219 3614 335 3692 publica
347 3557 447 3681 ditus,
462 3621 494 3671 ut
516 3612 566 3683 vjri
578 3615 664 3671 fortes
677 3614 831 3679 acrioribus
845 3613 988 3691 suppliciis
1002 3614 1090 3672 civem
1107 3636 1168 3692 per-

219 3693 355 3751 niciosum
370 3712 457 3771 quum
471 3658 681 3749 ucllffilssimum
696 3693 806 3749 hostem
821 3700 990 3757 coercerent.
1022 3693 1169 3752 Habemus

218 3779 336 3829 senmus
348 3771 511 3830 consultum
532 3770 561 3827 iu
575 3779 611 3839 te,
627 3770 756 3837 Catilina,
771 3770 923 3827 vehemens
936 3778 965 3827 et
988 3789 1091 3848 grove:
1113 3791 1169 3830 non
