2742 4384
165 228 222 284 los
632 242 742 284 enarro

253 371 293 429 11.
314 370 412 429 Unum
426 389 515 448 genus
529 378 572 429 est
586 370 735 429 adversum
748 371 938 450 infestumque
955 373 1036 431 nobis
1049 392 1156 440 eorum,

213 469 285 529 quos
298 451 331 508 P.
352 450 442 507 Olodii
460 449 538 507 furor
551 450 654 525 rapinis
668 458 698 506 et
717 450 851 507 incendiis
871 459 901 507 et
924 452 1053 509 omnibns
1066 452 1157 509 exitiis

213 529 332 607 pubbcis
346 529 440 605 pavit;
460 528 508 603 qni
522 528 651 584 hesterna
665 529 750 585 etiam
765 529 898 586 concione
910 529 1015 586 incitati
1034 539 1108 596 sunt,
1124 538 1157 587 ut

213 607 292 665 vobis
306 625 375 663 voce
396 606 534 682 praeirent,
549 605 616 682 quid
636 606 809 683 judicaretis.
853 607 980 674 Quorum
1003 607 1157 675 clamor,si

181 693 199 745 5
213 686 261 763 qui
273 686 346 743 forte
359 684 450 750 fuerit,
465 683 616 740 admonere
635 703 685 740 vos
706 683 830 749 debebit,
845 693 878 741 nt
901 704 967 741 eum
981 685 1072 742 civem
1092 686 1155 742 reti·

212 766 309 830 neatis,
324 764 372 839 qui
386 780 497 839 semper
510 780 600 838 genus
612 761 681 818 illud
703 761 848 819 hominnm
862 763 1055 838 clamoresque
1069 764 1155 820 maxi·

211 860 273 899 mos
297 850 466 918 provestra
489 840 581 896 salute
604 840 736 917 neglexit.
787 846 813 897 4.
844 840 1034 907 Quamobrem
1058 842 1155 898 adeste

212 920 318 987 animis,
341 920 460 997 judices,
488 925 518 975 ct
544 919 680 984 timorem,
706 918 730 973 si
756 936 841 993 quem
864 917 987 984 habetis,
1013 918 1154 995 deponite.

212 997 295 1064 Nam,
310 999 333 1056 si
356 1016 479 1074 unquam
500 996 536 1053 de
557 996 635 1053 bonis
655 1004 685 1052 et
708 996 914 1062 fortibuserin's,
930 998 953 1052 si
973 1016 1098 1072 unquam
1119 997 1155 1054 de

161 1077 283 1138 lobene
297 1077 402 1134 meritis
416 1076 522 1134 civibus
536 1081 663 1149 potestas
677 1074 756 1131 vobis
762 1074 908 1150 judicandi
921 1074 982 1140 fuit,
997 1075 1021 1131 si
1035 1076 1155 1152 denique

211 1173 335 1231 unquam
356 1155 434 1212 locus
454 1152 689 1230 amplissimorum
710 1152 840 1209 ordinum
854 1153 970 1210 delectis
983 1153 1048 1210 viris
1070 1153 1155 1210 datus

210 1242 262 1299 est,
283 1240 317 1290 ut
336 1251 387 1289 sua
400 1232 493 1289 studia
508 1250 575 1309 erga
594 1230 681 1287 fortes
696 1237 725 1287 et
745 1231 833 1288 bonos
848 1231 931 1297 cives,
946 1250 1009 1307 quae
1023 1233 1105 1289 vultu
1124 1241 1155 1289 et

210 1312 302 1368 verbis
320 1330 398 1388 saepe
412 1309 621 1387 significassent,
635 1328 666 1365 re
680 1317 709 1365 et
729 1309 874 1366 sententiis
894 1310 1077 1377 declararent,
1099 1311 1153 1368 boc

210 1390 338 1464 profecto
361 1398 488 1463 tempore
509 1405 572 1443 eam
594 1394 766 1464 potestatem
786 1406 898 1445 omnem
911 1407 962 1444 vos
985 1388 1105 1454 habetis,
1120 1396 1154 1446 ut

159 1474 196 1529 15
209 1467 348 1533 statuatis,
369 1475 465 1522 utrum
478 1484 538 1531 nos,
559 1465 607 1541 qui
628 1483 740 1542 semper
753 1475 855 1523 vestrae
880 1467 1040 1523 auctoritati
1064 1466 1154 1524 dediti

209 1544 323 1611 fuimus,
337 1563 450 1622 semper
462 1544 554 1600 miseri
568 1545 723 1621 lugeamus,
738 1562 783 1609 an,
798 1542 847 1601 diu
861 1544 951 1602 vexati
966 1564 984 1600 a
1001 1545 1152 1622 perditissi-

208 1623 262 1680 mis
276 1623 391 1690 civibus,
405 1621 554 1699 aliqnando
578 1641 629 1698 per
643 1641 693 1678 vos
707 1640 740 1679 ac
756 1630 943 1701 persvestram
957 1623 1050 1689 fidem,
1065 1623 1152 1682 virtu·

208 1706 268 1757 tem
281 1701 500 1779 sapientiamque
510 1718 676 1758 recreemur.
713 1710 739 1759 5.
762 1700 836 1768 Quid
851 1701 925 1759 enim
938 1701 1018 1758 nobis
1029 1701 1151 1770 duobus,

206 1779 325 1856 judices,
339 1780 511 1845 laboriosius,
526 1778 593 1855 quid
613 1780 703 1856 magis
723 1777 880 1846 sollicitum,
895 1780 984 1857 magis
998 1782 1152 1838 exercitum

157 1866 195 1919 20
209 1857 263 1915 dici
276 1865 328 1915 ant
340 1859 407 1937 fingi
421 1866 523 1936 potest,
535 1857 591 1934 qui,
606 1876 657 1934 spe
671 1857 907 1935 amplissimorum
921 1858 1099 1934 praemiorum
1114 1859 1151 1916 ad

207 1955 267 2009 rem
282 1938 424 2014 publicam
444 1936 569 2003 adducti,
584 1946 662 1992 metu
676 1936 930 1993 crudelissimorum
950 1937 1152 2014 suppliciorum

208 2033 303 2073 carere
326 2035 382 2073 non
405 2014 578 2092 possumus?
618 2014 757 2089 Equidem
782 2024 890 2070 ceteras
915 2023 1100 2091 tempestates
1122 2024 1152 2074 et

207 2094 346 2169 procellas
373 2095 401 2151 in
433 2094 487 2151 illis
514 2092 662 2149 dumtaxat
689 2093 820 2149 fluctibus
847 2093 1011 2150 concionum
1040 2112 1152 2170 semper

207 2173 305 2247 putavi
318 2173 414 2230 Miloni
428 2190 489 2229 esse
503 2171 672 2237 subeundas,
688 2171 753 2246 quia
767 2190 878 2247 semper
892 2191 944 2248 pro
959 2172 1038 2228 bonis
1053 2182 1151 2229 contra

156 2257 192 2311 25
207 2249 351 2328 improbos
369 2258 495 2309 senserat
503 2268 510 2315 ;
531 2249 559 2306 in
580 2248 687 2325 judicio
701 2268 766 2306 vero
780 2257 809 2306 et
829 2251 857 2305 iu
871 2268 905 2306 eo
916 2250 1037 2316 consilio,
1051 2250 1079 2306 in
1093 2269 1150 2326 quo

207 2347 242 2385 ex
266 2331 373 2388 cunctis
400 2329 543 2387 ordinibus
566 2327 730 2404 amplissimi
750 2327 800 2384 viri
817 2327 985 2404 judicarent,
1006 2347 1149 2404 nunquam

206 2408 360 2466 existimavi
380 2427 460 2486 spem
480 2407 566 2463 ullam
589 2424 650 2463 esse
673 2406 820 2463 habituros
834 2406 945 2462 Milonis
967 2407 1091 2464 inimicos
1111 2408 1148 2465 ad

206 2486 268 2562 ejus
282 2505 337 2543 non
357 2487 442 2543 modo
456 2485 576 2542 salutem
590 2484 833 2561 exstinguendam,
848 2484 899 2541 sed
923 2485 1009 2541 etiam
1030 2485 1149 2563 glorium

206 2582 259 2639 per
271 2565 342 2622 tales
355 2565 428 2621 viros
442 2562 654 2653 infringendam.
697 2568 723 2619 6.
746 2563 924 2638 Quamquam
937 2563 965 2619 in
986 2564 1039 2620 hac
1053 2583 1148 2631 causa,

155 2648 193 2701 30
204 2642 323 2718 judices,
344 2643 375 2698 T.
395 2641 481 2698 Annii
503 2642 648 2698 tribunatu
667 2641 808 2716 rebusque
829 2640 958 2698 omnibus
982 2660 1034 2719 pro
1057 2643 1149 2700 salute

205 2721 246 2778 rei
259 2720 380 2798 publicae
399 2719 487 2797 gestis
500 2719 536 2776 ad
557 2719 643 2795 hujus
663 2719 784 2776 criminis
798 2718 986 2776 defensionem
1001 2739 1056 2777 non
1078 2721 1148 2777 abu·

205 2807 305 2857 temur.
347 2799 408 2855 Nisi
422 2798 509 2855 oculis
523 2797 645 2855 videritis
665 2797 779 2854 insidias
793 2796 889 2853 Miloni
902 2816 920 2852 a
935 2798 1034 2855 Clodio
1048 2798 1147 2865 factas,

205 2896 257 2934 nec
272 2877 448 2953 deprecaturi
468 2895 575 2941 snmus,
590 2884 622 2931 ut
643 2876 747 2932 crimen
767 2876 821 2932 hoc
834 2875 915 2932 nobis
929 2885 1045 2952 propter
1059 2877 1149 2933 multa

206 2957 342 3032 praeclara
355 2956 381 3012 in
393 2974 452 3011 rem
463 2955 605 3030 publicam
616 2954 715 3011 merita
725 2953 895 3018 condonetis,
906 2973 958 3010 nec
969 2955 1146 3030 postulaturi,

154 3040 192 3093 35
205 3041 246 3100 ut,
261 3035 284 3091 si
297 3053 373 3091 mors
393 3035 426 3090 P.
443 3033 534 3090 clodii
547 3033 623 3089 sidus
636 3039 731 3089 vestra
750 3031 843 3097 suerit,
857 3030 962 3089 idcirco
976 3051 1037 3089 eam
1053 3033 1147 3090 virtuti

207 3112 318 3171 Milonis
342 3113 436 3189 potius
463 3130 548 3188 quam
573 3111 670 3186 populi
695 3110 816 3166 Romani
838 3109 964 3167 felicitati
991 3111 1146 3188 assignetis.

206 3191 255 3248 Sin
278 3192 351 3248 illius
373 3190 481 3248 insidiae
501 3189 630 3246 clariores
653 3189 707 3245 hac
730 3188 794 3245 luce
814 3187 925 3255 tuerint,
941 3197 1003 3245 tum
1027 3188 1149 3265 denique

206 3271 360 3328 obsecrabo
380 3268 599 3344 obtestaborque
613 3286 671 3333 vos,
694 3266 813 3343 judices,
834 3265 858 3322 si
881 3276 975 3324 cetera
995 3267 1148 3334 amisimus,

205 3347 260 3406 boc
280 3349 380 3406 saltem
399 3348 479 3404 nobis
500 3353 532 3403 ut
551 3345 731 3421 relinquatur,
753 3344 839 3400 vitam
853 3345 890 3402 ab
910 3345 1083 3403 inimicorum
1097 3364 1147 3402 au·

154 3429 193 3484 40
206 3425 287 3483 dacia
300 3426 418 3503 telisque
431 3435 464 3482 nt
477 3427 591 3501 impune
605 3422 687 3480 liceat
700 3422 859 3481 defendere.

246 3505 300 3562 ΙΙΙ.
343 3506 369 3562 t.
391 3504 449 3562 Sed
463 3512 613 3578 antequam
627 3500 664 3557 ad
679 3520 742 3558 eam
755 3500 908 3558 orationem
922 3502 1011 3568 venio,
1025 3520 1090 3577 quae
1103 3510 1149 3560 est
1176 3558 1180 3565 ,
1200 3570 1203 3573 ,

205 3583 319 3661 propria
333 3592 435 3640 vestrae
448 3579 617 3657 quaestionis,
632 3580 762 3637 videntur
782 3597 816 3635 ea
828 3598 890 3637 esse
909 3580 1066 3647 refutanda,
1081 3599 1147 3656 quse

205 3670 235 3721 et
258 3663 285 3719 in
303 3669 403 3719 senatu
422 3661 458 3717 ab
479 3659 593 3715 inimicis
613 3677 690 3734 saepe
711 3658 819 3734 jactata
842 3668 908 3714 sunt
928 3659 999 3715 etin
1015 3659 1149 3716 concione

205 3742 242 3801 ab
256 3738 390 3819 improbis
405 3748 434 3807 et
451 3737 537 3816 paulo
551 3747 616 3795 ante
629 3739 666 3794 ab
680 3738 898 3804 accusatoribus,
910 3746 951 3804 ut,
966 3738 1041 3795 omni
1055 3756 1149 3795 errore
