2742 4384
499 794 769 872 ORATIO

235 1053 395 1168 PRO
446 1052 1040 1170 ManOELLO.

464 1363 788 1377 ψ

193 1571 219 1629 I.
262 1577 288 1629 1.
310 1571 460 1630 Dmruam
480 1570 589 1639 silentii,
604 1572 705 1629 Patres
722 1571 829 1629 conseri
850 1572 879 1639 ti,
900 1593 957 1652 quo
971 1593 1047 1633 eram
1061 1575 1107 1635 his

46 1681 49 1685 ·
155 1651 332 1726 temporibus
358 1670 436 1717 usus,
462 1670 520 1708 non
546 1651 645 1707 timore
668 1650 812 1726 aliquos
873 1653 974 1728 partim
998 1653 1104 1723 dolore,

156 1729 260 1805 partim
284 1729 462 1796 verecundia,
484 1729 567 1786 finem
591 1729 745 1786 hodiernus
768 1728 828 1786 dies
849 1730 952 1797 attulit,
974 1731 1105 1810 idemque

155 1807 273 1874 initium,
294 1826 359 1883 quae
380 1807 483 1866 vellem
506 1826 627 1884 quaeque
648 1807 781 1864 sentirem
803 1827 866 1865 meo
889 1810 1005 1886 pristino
1027 1829 1105 1868 more

156 1886 277 1944 dicendi.
331 1886 452 1943 Tantam
478 1886 550 1942 enim
576 1885 831 1952 mansuetudinem,
858 1895 918 1944 tam
945 1888 1134 1947 inusitatamt

155 1964 370 2041 inauditamque
384 1964 569 2032 clementiam,
580 1971 691 2021 tantum
700 1964 728 2021 in
742 1983 853 2021 summa
867 1974 1007 2042 potestate
1018 1967 1103 2025 omni·

156 2062 206 2100 um
220 2060 314 2099 rerum
326 2042 454 2109 modum,
468 2050 528 2099 tam
541 2042 661 2118 denique
680 2042 870 2101 incredibilem
886 2043 1051 2121 sapientiam
1071 2064 1104 2104 ac

156 2140 242 2199 paene
257 2120 379 2177 divinam
392 2121 497 2178 tacitus
511 2122 654 2197 praeten're
669 2121 847 2179 nullomodo
863 2141 987 2200 possum.
1017 2130 1043 2182 2.
1065 2124 1104 2183 M.

156 2200 231 2257 enim
250 2199 386 2258 Marcello
398 2200 488 2267 vobis,
503 2200 603 2258 Patres
617 2200 775 2277 conscripti,
790 2201 885 2277 reique
906 2202 1028 2279 publicae
1042 2201 1104 2260 red·

157 2277 227 2346 dito,
242 2298 298 2335 non
317 2277 390 2336 illius
404 2277 506 2345 solum,
520 2278 571 2336 sed
591 2279 675 2336 etiam
689 2297 782 2335 meam
796 2297 893 2336 vocem
907 2289 936 2337 et
955 2281 1105 2338 auctorita·
1117 2285 1154 2339 10

156 2363 215 2414 tem
229 2364 259 2414 et
272 2357 351 2415 vobis
365 2365 394 2413 et
406 2357 447 2413 rei
462 2357 582 2434 publicae
595 2366 788 2415 conservatam
803 2376 836 2415 ac
849 2359 1007 2415 restitutam
1027 2368 1104 2436 puto.

157 2435 299 2493 Dolebam
319 2436 401 2502 enim,
422 2436 524 2493 Patres
543 2435 701 2513 conscripti,
716 2443 745 2492 ct
768 2436 949 2494 vehementer
972 2438 1104 2516 angebar,

157 2533 246 2590 quum
260 2514 394 2581 viderem,
408 2514 501 2571 virum
523 2514 615 2582 talem,
630 2513 679 2591 qui
702 2513 730 2570 in
744 2514 844 2572 eadem
866 2534 950 2572 causa
970 2527 1052 2583 esset,
1076 2516 1103 2574 in

158 2611 214 2668 qua
237 2611 292 2671 ego
315 2594 442 2659 fuissem,
467 2611 524 2650 non
545 2593 573 2649 in
597 2593 697 2650 eadem
720 2611 782 2650 esse
805 2593 935 2651 fortuna:
964 2613 1015 2653 nec
1036 2595 1104 2652 mihi

158 2672 329 2748 persuadere
353 2679 484 2748 poteram
505 2691 556 2729 nec
576 2672 619 2728 fas
641 2690 702 2729 esse
727 2671 874 2739 ducebam,
889 2673 992 2729 versari
1012 2693 1058 2730 me
1077 2674 1104 2730 in
1117 2677 1153 2732 15

158 2759 254 2806 nostro
262 2760 357 2807 vetere
366 2750 514 2817 curriculo,
525 2750 573 2807 illo
582 2751 685 2807 aemulo
696 2759 782 2826 atque
795 2750 933 2808 imitatore
947 2752 1105 2809 studiorum

158 2847 191 2885 ac
213 2829 343 2886 laborum
356 2847 486 2886 meorum
509 2829 588 2905 quasi
612 2829 736 2905 quodam
761 2828 837 2884 socio
856 2848 932 2886 ame
952 2839 982 2886 et
1002 2831 1104 2888 comite

158 2906 301 2964 distracto.
344 2908 422 2984 Ergo
436 2906 547 2963 etmihi
561 2926 632 2964 meae
649 2906 773 2983 pristinae
786 2905 851 2963 vitoe
865 2909 1103 2975 consuetudinem,

159 2985 191 3043 Ο.
208 2985 312 3052 Caesar,
327 2985 509 3043 interclusam
522 3003 539 3040 a
576 2985 655 3042 ruisti
677 2991 706 3042 ct
727 2985 770 3041 his
785 2985 913 3043 omnibus
927 2985 963 3042 ad
979 2989 1051 3044 bene
1065 2986 1102 3044 de

158 3065 234 3121 omni
245 3083 276 3120 re
291 3063 407 3141 publica
426 3081 529 3140 spere-n
550 3083 598 3120 um
612 3062 692 3140 quasi
709 3063 819 3142 signum
832 3063 946 3139 aliquod
959 3065 1103 3123 sustulisti.
1116 3069 1154 3123 20

159 3149 184 3200 3.
207 3142 388 3200 Intellectum
402 3148 448 3198 est
472 3141 545 3198 enim
558 3143 626 3199 mihi
648 3142 763 3218 quidem
784 3142 812 3198 in
826 3143 921 3199 multis
936 3151 964 3200 et
984 3144 1105 3201 maxime

158 3221 185 3278 in
204 3241 250 3279 me
270 3219 342 3298 ipso,
364 3219 416 3278 sed
436 3220 523 3298 paulo
542 3227 609 3278 ante
629 3220 768 3286 omnibus,
782 3239 871 3296 quum
885 3221 923 3278 M.
939 3221 1105 3280 Marcellum

160 3299 268 3356 senatui
295 3299 392 3375 reique
422 3297 545 3375 publicae
574 3297 745 3365 concessisti,
774 3299 998 3356 commemoratis
1032 3320 1103 3377 prae·

158 3379 252 3435 sertim
267 3377 476 3443 offensionibus
491 3384 520 3433 te
534 3377 728 3434 auctoritatem
753 3377 838 3453 hujus
860 3377 966 3436 ordinis
986 3379 1105 3456 dignita-

158 3464 270 3532 temque
294 3456 335 3513 rei
358 3455 484 3533 publicae
509 3455 564 3511 tuis
587 3456 632 3512 vel
659 3455 804 3512 doloribus
831 3456 876 3513 vel
904 3457 1106 3532 suspicionibus
1118 3465 1155 3518 25

157 3537 303 3592 anteferre.
360 3534 414 3592 Ille
442 3533 558 3609 quidem
584 3533 710 3591 fructum
737 3533 826 3590 omnis
853 3542 919 3591 ante
942 3544 1014 3591 actae
1041 3535 1107 3593 vitae

157 3613 291 3671 hodierno
306 3613 351 3671 die
361 3612 518 3670 maximum
529 3612 612 3688 cepit,
623 3631 713 3688 quum
723 3630 833 3668 summo
844 3630 983 3670 consensu
993 3621 1107 3672 senatus

158 3705 216 3749 tum
232 3702 372 3770 praeterea
394 3690 503 3769 judicio
523 3699 574 3748 tuo
594 3690 759 3768 gravissimo
773 3698 801 3746 et
821 3690 952 3747 maximo.
994 3691 1037 3748 Ex
1051 3711 1108 3768 quo

157 3772 284 3847 profecto
296 3770 441 3848 intelligis,
457 3775 563 3845 quanta
583 3769 612 3825 in
633 3768 703 3826 dato
727 3768 861 3825 beneficio
879 3768 915 3824 sit
934 3768 1005 3836 laus,
1020 3789 1109 3845 quum

157 3848 317 3930 inaccepto
330 3849 370 3909 sit
387 3855 471 3907 tanta
490 3846 588 3926 gloria.
629 3846 682 3905 Est
695 3864 762 3903 vero
775 3845 936 3904 fortunatus
956 3847 1011 3913 ille,
1026 3847 1109 3924 cujus
1120 3853 1159 3908 30
