2742 4384
230 292 269 356 '18
701 306 810 349 onarro

277 439 372 500 moro.
428 440 496 517 rpse
521 438 641 516 jubebat
665 405 763 505 orca
788 438 867 496 noro
891 439 1073 515 postulatum
1105 438 1230 517 praemris

277 520 362 578 etiam
373 519 527 586 invitabat3
548 538 613 594 quae
624 525 720 575 tamen
728 517 881 575 crudelitas
892 518 929 575 ab
943 519 998 575 hoc
1007 519 1108 576 eodem
1122 518 1231 595 aliquot

277 599 355 656 annis
370 607 443 676 post,
458 617 543 674 quem
558 604 590 654 tu
603 616 677 654 nunc
693 597 838 653 crudelem
851 615 914 653 esse
927 597 977 664 ris,
993 597 1135 655 vindicata
1148 604 1199 656 est.

316 677 353 736 V.
374 678 437 756 Ego
451 695 518 735 vero
537 676 613 733 istud
634 695 690 732 non
711 675 833 752 postulo,
848 675 965 752 inquies.
1008 678 1055 734 Ita
1068 677 1229 734 mehercule

247 756 414 823 texistimo,
428 756 548 814 Tubero,
590 755 665 812 Novi
679 755 752 811 enim
767 760 804 821 te,
816 755 882 813 novi
895 762 1016 831 patrem,
1030 755 1096 812 novi
1109 756 1228 813 domum

275 853 434 911 nomenque
447 842 574 892 vestrum
585 853 593 900 ;
614 833 709 890 studia
731 833 842 911 generis
863 852 896 890 ac
920 833 1034 891 familiar
1048 841 1152 892 vestrae
1173 835 1227 890 vir·

276 913 353 981 tutis,
369 913 559 978 humanitatis,
575 913 721 979 doctrina,
737 912 923 989 plurimarum
937 913 1040 970 artium
1054 920 1140 989 atque
1154 913 1227 989 opti-

274 1012 386 1051 marum
407 1000 476 1050 note
495 992 563 1048 mihi
585 999 658 1049 sunt.
711 996 756 1048 13.
789 992 891 1068 Itaque
915 1000 994 1048 certo
1017 991 1076 1049 scio
1097 1010 1149 1048 vos
1171 1011 1228 1049 non

276 1081 372 1148 petere
393 1071 566 1150 sanguinem.
607 1069 665 1127 Sed
690 1088 792 1147 parum
815 1070 969 1128 attenditis.
1014 1070 1074 1127 Res
1098 1071 1171 1128 enim
1192 1089 1228 1127 eo

227 1155 394 1228 10spectet‚
416 1159 450 1207 nt
474 1168 507 1207 ea
532 1167 625 1226 poena,
651 1149 678 1205 iu
700 1167 756 1224 qua
778 1148 873 1206 adhuc
898 1149 931 1217 Q.
961 1149 1090 1226 Ligarius
1111 1149 1227 1233 sit-non

274 1230 425 1287 videamini
439 1248 500 1287 esse
510 1228 640 1286 contenti.
663 1228 734 1295 Quae
748 1234 792 1284 est
801 1227 887 1305 igitur
901 1228 955 1285 alia
969 1228 1226 1304 praetermortem‘l
1267 1300 1269 1303 Υ

275 1308 401 1384 θίιειιίιη
414 1316 458 1365 est
478 1308 507 1364 in
527 1307 632 1374 exsilio,
652 1307 735 1363 sicuti
755 1313 808 1372 est,
823 1306 891 1382 quid
912 1307 1034 1384 amplius
1055 1306 1225 1383 postulatis?

275 1405 320 1454 an,
341 1406 377 1444 ne
399 1386 583 1464 ignoscatur?
638 1385 702 1443 Hoc
725 1404 792 1442 vero
815 1386 906 1441 multo
928 1386 1056 1444 acerbius
1077 1386 1227 1463 multoque

275 1464 381 1523 durius.
421 1464 504 1533 Quod
519 1483 570 1521 nos
584 1462 687 1543 [domi]
702 1465 825 1541 petimus
846 1465 986 1541 precibus,
1001 1465 1128 1532 lacrimis
1144 1466 1227 1523 strati

227 1543 312 1602 15ad
340 1544 436 1620 pedes,
465 1562 521 1600 non
542 1550 601 1600 tam
623 1552 729 1601 nostrae
758 1561 851 1600 causae
878 1543 998 1601 fidentes
1027 1563 1113 1620 quarn
1138 1545 1226 1621 hujus

274 1622 449 1689 humanitati,
474 1621 503 1679 id
524 1641 560 1679 ne
580 1622 773 1699 impetremus,
798 1623 960 1700 pugnabis?
991 1631 1021 1680 et
1044 1624 1072 1680 in
1097 1632 1227 1680 nostrum

273 1700 372 1758 fletum
386 1701 525 1778 irrumpes
535 1702 550 1758 ‘l
562 1707 599 1758 et
613 1720 664 1758 nos
675 1702 803 1779 jacentes
817 1702 853 1757 ad
876 1701 964 1778 pedes
978 1702 1141 1779 supplicum
1155 1721 1226 1760 voce

274 1781 459 1857 prohibebis?
502 1786 547 1838 14.
570 1780 609 1848 si,
623 1800 712 1858 quum
735 1780 788 1837 hoc
810 1780 888 1837 domi
911 1781 1077 1848 faceremus,
1097 1782 1175 1858 quod
1196 1789 1226 1839 et

273 1860 391 1917 fecimus
406 1868 443 1927 et,
460 1867 492 1917 ut
516 1878 608 1937 spero,
623 1879 678 1917 non
702 1860 808 1915 frustra
827 1859 955 1927 fecimus,
970 1867 1002 1917 tu
1016 1870 1132 1937 repente
1153 1861 1225 1918 irru-

225 1941 263 1997 20
274 1939 364 2015 pisses
378 1946 407 1996 et
421 1939 542 1997 clamare
557 1938 710 2016 coepisses:
732 1947 750 1971 ⁴‘
759 1938 791 1995 O.
806 1938 912 2006 Caesar,
925 1958 993 1996 cave
1007 1939 1144 2017 ignoscas,
1155 1958 1225 2007 caue

273 2024 302 2075 te
315 2018 435 2076 fratrum
451 2037 503 2096 pro
517 2018 612 2075 fratris
623 2018 715 2074 salute
726 2018 933 2074 obsecrantium
944 2019 1075 2075 misereat
1084 2017 1110 2085 ;’'
1131 2037 1225 2076 nonne

273 2115 385 2154 omnem
404 2097 610 2154 humanitatem
624 2097 775 2153 exuisses?
816 2097 930 2164 Quanto
950 2098 1004 2155 hoc
1023 2097 1129 2163 durius,
1145 2096 1223 2173 quod

273 2194 325 2233 nos
350 2176 427 2234 domi
449 2176 580 2253 petimus,
602 2175 631 2232 id
655 2193 673 2231 a
693 2183 722 2232 te
742 2175 770 2232 in
788 2175 851 2232 foro
875 2175 1056 2254 oppugnari?
1081 2186 1110 2233 te
1132 2177 1159 2233 in
1172 2177 1225 2235 tali

272 2255 384 2312 miseria
397 2256 552 2313 multorum
566 2255 727 2332 perfugium
740 2254 939 2313 misericordiae
954 2255 1074 2312 tollere?
1106 2262 1151 2314 15.
1173 2255 1224 2313 Di·

225 2337 262 2392 25
273 2353 336 2391 cam
350 2334 442 2412 plane,
458 2334 563 2402 Oaesar,
579 2334 656 2410 quod
667 2334 764 2391 sentio.
800 2332 831 2390 Si
844 2334 873 2390 in
886 2335 939 2391 hac
953 2341 1033 2391 tanta
1047 2342 1097 2391 tua
1110 2335 1225 2392 fortuna

272 2413 372 2470 lenitas
385 2421 465 2471 tanta
479 2433 535 2471 non
548 2420 631 2479 esset,
647 2422 783 2489 quantam
803 2419 836 2469 tu
857 2432 908 2489 per
928 2421 965 2479 te,
981 2432 1032 2490 per
1045 2422 1083 2480 te,
1098 2413 1222 2489 inquam,

273 2491 382 2548 obtines
398 2490 543 2570 (intelligo,
558 2492 626 2568 quid
650 2490 772 2567 loquar),
787 2491 967 2550 acerbissimo
987 2492 1066 2550 luctu
1080 2492 1223 2549 redunda-

273 2576 317 2626 ret
338 2569 392 2626 ista
405 2571 528 2629 victoria.
570 2571 663 2639 Quam
685 2571 768 2627 multi
792 2570 866 2627 enim
887 2579 981 2627 essent
1002 2570 1039 2628 de
1059 2571 1223 2639 victoribus,

273 2648 322 2724 qui
343 2656 371 2705 te
386 2648 529 2706 crudelem
550 2668 611 2707 esse
625 2650 738 2716 uellent,
754 2669 841 2725 quum
856 2650 942 2706 etiam
961 2649 998 2706 de
1011 2650 1093 2707 victis
1116 2651 1222 2725 reperi·

224 2728 262 2785 30
273 2728 379 2787 antur‘l
400 2747 485 2804 quam
499 2728 590 2794 multi,
605 2728 661 2804 qui,
676 2748 765 2805 quum
780 2746 797 2784 a
820 2737 850 2785 te
870 2728 978 2806 ignosci
992 2729 1093 2785 nemini
1107 2729 1221 2797 vellent,

272 2805 440 2883 impedirent
460 2807 636 2865 clementium
660 2814 748 2873 tuam,
770 2826 858 2882 quum
878 2807 964 2864 etiam
986 2807 1013 2873 ii,
1035 2809 1137 2884 quibus
1158 2801 1246 2884 ipse'

271 2883 410 2976 ignovisti,
425 2885 513 2943 nolint
536 2893 565 2943 te
579 2904 641 2943 esse
660 2886 690 2943 in
703 2886 773 2943 alios
793 2886 1025 2943 misericordem?
1068 2891 1113 2944 16.
1136 2887 1223 2956 Quod

272 2982 294 3020 ει
310 2964 429 3040 probare
444 2964 551 3021 (laesuri
566 2983 713 3041 possemus
727 2965 754 3021 in
769 2965 868 3022 Africa
882 2965 1025 3043 Ligarium
1040 2966 1152 3022 omnino
1165 2984 1223 3022 non

271 3042 359 3100 fnisse
369 3062 376 3110 ;
398 3042 419 3099 si
434 3043 554 3100 honesto
574 3052 603 3100 et
623 3043 795 3101 misericordi
809 3044 956 3101 mendacio
970 3044 1054 3101 saluti
1074 3044 1126 3101 civi
1147 3044 1222 3100 cala-

223 3122 374 3180 35mitoso
397 3141 459 3179 esse
482 3122 627 3189 vellemus,
651 3130 748 3179 tamen
772 3123 893 3180 hominis
913 3142 970 3180 non
991 3131 1067 3180 esset
1089 3122 1117 3179 in
1140 3130 1223 3180 tanto

272 3200 429 3259 discrimine
444 3209 473 3259 et
487 3201 612 3279 periculo
626 3201 694 3258 civis
715 3201 842 3259 refellere
856 3209 885 3259 et
905 3201 1076 3280 redarguere
1093 3208 1223 3259 nostrum

270 3280 465 3338 mendacium:
494 3287 532 3348 et,
547 3280 570 3337 ei
594 3288 669 3337 esset
683 3280 810 3356 alicujus,
825 3282 887 3357 ejus
908 3288 984 3338 certe
1004 3300 1061 3338 non
1074 3288 1157 3346 esset,
1173 3280 1223 3355 qui

270 3357 300 3414 in
314 3359 414 3416 eadem
436 3378 521 3417 causa
541 3366 570 3417 et
593 3359 709 3416 fortuna
729 3358 837 3416 fuisset.
880 3360 939 3417 Sed
964 3367 1059 3417 tamen
1079 3358 1157 3416 aliud
1176 3366 1223 3416 est

271 3455 364 3495 errare
379 3438 524 3496 Oaesarem
538 3438 621 3505 nolle,
637 3436 714 3495 aliud
733 3438 806 3495 nolle
820 3438 952 3496 misereri.
994 3439 1072 3497 lunc
1092 3438 1222 3496 diceres:

222 3519 261 3574 40
272 3523 290 3547 “
300 3515 406 3583 Caesar,
428 3536 496 3575 cave
526 3516 642 3574 eredas:
664 3516 719 3573 fuit
740 3516 768 3573 in
787 3517 904 3584 Africa3
935 3518 1000 3575 tulit
1020 3535 1099 3575 arma
1122 3527 1224 3574 contra

272 3593 328 3651 te.”
377 3595 462 3653 Nunc
491 3596 560 3672 quid
587 3595 679 3652 dicis‘l
730 3595 836 3653 “Cave
862 3595 1021 3673 ignoscas.''
1073 3596 1143 3652 Haec
1168 3615 1223 3654 nec

270 3674 391 3731 hominis
413 3694 465 3733 nec
489 3675 526 3731 ad
548 3675 691 3732 hominem
714 3693 769 3731 vox
794 3681 852 3731 est:
875 3693 931 3751 qua
953 3675 1001 3753 qui
1022 3674 1100 3752 apud
1123 3682 1161 3743 te,
1185 3674 1221 3733 0.

271 3753 379 3820 Caesar,
407 3754 505 3821 utitur,
533 3772 615 3812 suam
642 3753 724 3812 citius
751 3753 866 3832 abjiciet
893 3754 1108 3821 humanitatem,
1133 3772 1223 3831 quam

269 3832 449 3912 extorquebit
461 3841 550 3892 tuam
