2742 4384
410 266 469 308 rso
483 265 513 308 s.
527 266 640 308 monuo
653 267 776 317 ηοω,
791 267 857 311 err.
872 268 901 309 x
1121 256 1177 311 10⁸

181 395 302 455 Romani
321 395 442 473 gloriam
464 394 637 472 laudemque
656 396 863 455 celebrandum
905 396 980 454 Num
995 404 1025 455 et
1048 396 1125 455 cm·

182 474 272 532 bricns
284 493 331 531 res
345 475 511 531 adolescens
528 475 624 552 attigit
636 483 666 532 et
678 476 732 552 ipsi
752 475 791 533 illi
806 475 839 533 Ο.
855 474 953 541 Mario,
967 476 1015 553 qui
1029 475 1126 533 durior

180 553 217 609 ed
231 554 295 612 haec
310 553 405 610 studia
418 552 578 619 videbatur,
599 554 743 630 jucundus
756 553 819 612 fnit.
861 560 907 611 20.
929 554 1029 631 Neque
1050 556 1124 613 enim

180 631 330 708 qnisquam
338 640 383 689 est
396 640 456 688 tam
469 649 610 688 eversusu
623 631 720 698 Musis,
731 632 781 709 qui
793 651 849 690 nou
860 632 987 690 mundari
998 634 1124 692 versibus

180 718 318 767 eternum
332 728 449 767 snorum
462 709 593 767 laborum
606 711 687 768 lucile
702 710 873 788 preconium
888 712 1019 789 patietur.
1051 711 1122 769 'l'he-
1137 723 1156 775 ε

179 789 337 846 mistoclem
360 789 449 855 illum,
474 807 618 845 summum
641 789 764 847 Athenis
788 790 887 855 virum,
908 789 1010 847 dixisse
1034 789 1122 857 siunt,

179 885 268 943 quum
282 886 318 924 ex
332 886 366 924 ec
386 875 572 943 quaereretur,
589 868 691 944 “quod
712 886 843 925 scroumu
859 876 909 926 eut
928 869 1010 946 cujus
1024 888 1122 927 rocem

179 945 360 1004 libentissime
373 945 503 1002 audiret:
524 945 595 1021 ejus,
618 964 636 1001 u
648 965 706 1023 quo
725 964 778 1003 sus
792 945 879 1004 virtus
898 948 1005 1023 optime
1040 948 1121 1005 rnedi-

179 1024 320 1115 caretnr.''
351 1025 453 1114 ltaque
466 1024 513 1080 ille
527 1024 633 1081 Murius
646 1024 714 1081 item
725 1025 824 1082 eximie
838 1025 870 1083 h
882 1025 1006 1083 Plotium
1016 966 1121 1116 bilexit,

179 1102 695 1239 tlltrltlldtltttffi
707 1112 850 1259 iffi
863 1122 959 1258 rbi?
969 1104 1122 1240 diist
1138 1112 1174 1167 ¹⁰

178 1259 206 1316 in
225 1260 317 1317 multa
330 1260 467 1317 varietate
490 1267 565 1316 terra
588 1260 716 1336 murique
729 1268 873 1318 versutum
897 1268 989 1318 totum
1009 1261 1047 1319 ub
1068 1262 1122 1319 hoc

179 1356 343 1415 expressum
353 1349 409 1395 est:
425 1339 474 1414 qui
487 1337 550 1395 libri
560 1356 615 1395 non
629 1338 715 1395 modo
725 1338 757 1395 L.
769 1338 928 1405 Lucullum,
939 1339 1121 1398 fortissimum

179 1422 207 1474 et
226 1417 412 1474 clarissimum
425 1417 527 1483 virum,
542 1417 739 1474 verumetiam
760 1417 858 1493 populi
878 1418 998 1476 Romani
1018 1438 1121 1476 nomen

179 1494 326 1552 illustrant,
368 1495 498 1572 Populus
511 1496 586 1552 enim
606 1496 752 1553 Romanus
765 1496 877 1572 apernit
896 1497 1016 1554 Lucullo
1033 1497 1120 1575 impe-
1137 1506 1172 1560 15

179 1583 256 1631 rante
279 1574 406 1630 Pontum
430 1582 461 1631 et
483 1573 568 1649 regiis
591 1573 736 1651 quondam
759 1574 861 1650 opibus
884 1583 913 1632 et
935 1576 998 1652 ipsu
1020 1584 1122 1633 nutura

179 1653 299 1729 regionis
319 1652 473 1709 vallmnm:
500 1651 598 1729 populi
622 1652 742 1709 Romuni
765 1653 903 1710 exercitus
923 1654 1024 1711 eodem
1048 1654 1121 1711 duce

178 1749 232 1787 non
246 1731 369 1787 maxima
379 1749 468 1787 menn
480 1730 696 1789 innumerabiles
707 1731 906 1788 Armeniorum
921 1733 1018 1808 copies
1031 1732 1119 1789 ludit:

178 1810 276 1885 populi
296 1809 418 1865 Romani
438 1810 502 1866 laus
515 1817 559 1866 est
578 1810 677 1867 urbem
698 1809 894 1866 amicissimum
919 1810 1121 1885 Cyzicenorum

178 1888 307 1964 ejusdem
320 1887 436 1944 consilio
446 1906 482 1944 er
495 1888 570 1944 omni
583 1887 693 1964 impetn
705 1887 784 1965 regio
797 1896 884 1963 utque
898 1888 984 1944 totius
999 1887 1063 1945 belli
1074 1906 1121 1945 ore
1135 1896 1173 1951 20

178 1984 211 2022 ec
233 1966 364 2023 saucibus
385 1973 514 2043 ereptum
527 1984 589 2023 esse
612 1974 698 2043 utque
712 1974 870 2024 servumm:
892 1973 987 2023 nostru
1010 1984 1123 2043 semper

178 2044 284 2102 feretur
296 2054 327 2101 et
340 2043 544 2121 praedicabitur
556 2044 589 2102 L.
600 2044 721 2103 Lucullo
730 2044 881 2102 dimicante
891 2064 957 2102 cum
970 2044 1121 2103 interfectis

179 2123 298 2181 ducibus
312 2123 450 2199 depressa
469 2122 593 2179 hostium
606 2123 704 2180 classis
717 2130 747 2180 et
760 2122 930 2181 incredibilis
940 2124 1017 2201 apud
1032 2124 1119 2181 Tene·

178 2201 246 2258 dum
261 2221 358 2278 pugna
372 2202 420 2259 illa
438 2201 561 2258 nevnlis:
582 2208 679 2258 nostre
692 2208 759 2258 sunt
778 2208 895 2278 tropus,
909 2210 1005 2259 nostru
1021 2220 1119 2259 monn-

178 2288 280 2346 menta,
302 2280 390 2337 nostri
410 2279 562 2356 triumphi;
583 2299 649 2356 quae
673 2298 795 2357 quorum
818 2278 936 2357 ingeniis
956 2281 1118 2346 efferuntur,
1134 2289 1171 2344 25

178 2359 214 2415 nb
238 2359 271 2415 iis
295 2358 393 2434 populi
417 2357 538 2415 Romani
560 2357 637 2414 lemn
660 2358 826 2416 celebretur.
876 2365 922 2415 22.
954 2359 1045 2415 Carus
1067 2357 1121 2416 fuir

178 2436 313 2494 Africano
323 2435 460 2513 superiori
474 2444 570 2493 noster
582 2436 706 2502 Ennius;
727 2436 822 2512 itaque
836 2436 920 2493 etium
934 2437 1121 2513 insepnlchru

179 2513 342 2591 Scipionum
356 2522 474 2590 putetur
493 2514 592 2571 isesse
606 2515 776 2572 constitutus
789 2532 824 2571 er
837 2533 984 2572 marmore.
1026 2516 1068 2573 At
1087 2515 1119 2573 iis

179 2592 309 2652 leudibus
333 2602 408 2650 certe
432 2611 489 2650 non
513 2593 604 2650 solum
627 2593 698 2669 ipse,
723 2593 772 2669 qui
794 2592 935 2659 laudatur,
960 2593 1010 2651 sed
1034 2595 1120 2652 etium

179 2673 276 2747 populi
297 2671 416 2728 anrrni
436 2690 539 2728 nomen
559 2678 681 2729 ornatur.
724 2672 758 2728 In
772 2671 877 2728 coelum
897 2671 983 2749 hujus
997 2692 1119 2749 proavus
1133 2682 1171 2734 ³0

180 2748 251 2806 Octo
271 2750 395 2808 tollitur:
418 2768 541 2827 mugnus
561 2750 650 2807 honos
670 2750 770 2840 populi
789 2750 909 2807 Romani
922 2751 1005 2807 rebus
1018 2751 1118 2828 edjnn·

179 2828 262 2903 gitur.
305 2829 410 2885 Omnes
435 2827 556 2904 denique
578 2828 618 2886 illi
641 2828 765 2893 Maximi,
790 2828 924 2895 Marcelli,
949 2829 1039 2886 Fulvii
1064 2847 1119 2885 non

139 2966 151 2993 ,
179 2906 1045 3064 ‘ffliftlgrlulltintermittitis,
1060 3004 1118 3043 ms.

176 3062 252 3139 jores
262 3065 348 3120 nostri
360 3064 389 3120 in
403 3062 546 3121 civitatem
560 3070 741 3140 receperunt:
762 3082 813 3120 nos
827 3064 902 3120 hunc
913 3062 1121 3120 Heracliensem
1134 3071 1171 3125 35

178 3141 272 3198 multis
286 3142 445 3199 civitatibus
464 3142 628 3218 expetitum,
642 3142 670 3199 in
684 3142 739 3199 hnc
755 3147 850 3198 eutem
866 3141 975 3219 legibus
986 3140 1119 3198 constitu·

179 3225 238 3276 tum
252 3220 288 3276 de
302 3229 399 3276 nostra
412 3218 524 3276 civitate
537 3219 679 3296 ejiciemus
690 3221 703 3276 ‘2

219 3304 265 3353 23.
286 3297 362 3354 Nam
376 3297 399 3354 si
413 3296 476 3373 quis
489 3296 624 3355 minorem
638 3296 735 3375 gloriae
750 3297 873 3354 fructum
887 3303 971 3373 putet
991 3315 1027 3354 ex
1042 3297 1120 3354 Gre-

179 3373 217 3432 cis
241 3375 368 3433 versibus
391 3375 497 3452 percipi
520 3394 606 3451 quum
632 3394 667 3433 ex
691 3374 805 3442 Latinis,
829 3375 1009 3432 vehementer
1036 3384 1120 3441 erret,

179 3461 336 3586 Εοριοτοη,
351 3453 429 3528 qnod
450 3453 554 3511 Graeca
567 3452 701 3531 leguntur
712 3453 741 3510 in
761 3452 889 3510 omnibus
902 3452 961 3510 fere
979 3453 1120 3531 gentibus,
1134 3461 1172 3515 40

219 3532 276 3587 tina
289 3532 347 3589 suis
361 3531 472 3598 finibus,
487 3531 594 3608 exiguis
607 3550 683 3599 sane,
699 3531 883 3589 continentur.
924 3531 1019 3599 Quure
1033 3532 1056 3589 si
1076 3551 1121 3589 res

180 3627 228 3675 es,
247 3628 318 3685 quns
338 3609 486 3687 gessimus,
507 3610 583 3667 orbis
602 3618 685 3667 terrae
701 3609 861 3686 regionibus
881 3608 1058 3676 definiuntur,
1074 3629 1121 3667 cu-

180 3705 246 3762 pere
270 3687 416 3753 debemus,
441 3706 497 3763 quo
521 3706 655 3745 manuum
674 3696 832 3744 nostrarum
856 3687 914 3743 tela
937 3687 1122 3763 pervenerint,

180 3764 280 3823 eodem
308 3765 428 3844 gloriam
448 3766 609 3843 famemque
639 3773 805 3844 penetrum
838 3764 915 3840 quod
939 3782 1029 3840 quum
1054 3763 1124 3840 ipsis
