2742 4384
169 263 209 320 aa
512 306 516 313 .
605 236 721 354 punt
737 277 773 320 ῃ,
866 302 868 309 .

218 406 244 467 si
261 407 291 467 in
303 405 368 467 vino
381 412 412 466 et
431 406 495 465 alsa
507 406 720 465 comissationes
733 407 827 466 solnm
838 413 870 466 et
892 412 988 466 scorto
1000 414 1169 486 quaerarant,

211 484 312 564 'essppt
338 487 378 546 illi
404 486 519 564 quidem
538 485 717 564 desperandi,
738 487 790 545 sed
813 494 911 545 tamen
933 480 1168 548 essenr‘fer'sfidt

41 577 56 611 ι’
152 547 169 615 ε(
218 566 282 625 Hoc
296 584 364 625 vero
377 566 441 644 quis
454 566 528 624 ierrs
548 566 647 643 possit,
661 566 765 624 inertes
785 566 914 624 homines
933 566 1090 625 fortissimis
1103 568 1170 626 vin's

217 645 348 715 insidiari,
373 644 553 704 stultissimos
562 645 807 723 ”piudentissimis
826 645 961 707 ebriosos
973 647 1082 714 sobriis,
1103 646 1169 705 dor·

169 726 187 781 5
217 725 336 784 mientes
357 723 562 805 vigilantibus?
614 725 670 795 Qui
691 723 760 782 mihi
783 726 955 783 accubantes
976 726 1005 783 in
1026 726 1168 795 conviviis,

20 870 35 883 Ι,
218 804 357 885 complexi
375 803 507 862 mulieres
526 803 695 880 impudicas,
710 803 775 861 vino
798 803 933 885 languidi,
953 805 1071 883 conferti
1095 806 1167 875 cibo,
1313 870 1317 875 ,

16 871 167 967 εηνιχιηίά
217 880 309 941 sertis
322 880 452 955 redimiti,
467 878 727 961 unguentisbbliti,
746 880 891 941 debilitati
907 883 1022 961 stupris,
1037 851 1191 944 eructanti
1227 896 1229 901 ’
1300 902 1302 907 ’

61 964 155 1015 com
217 963 392 1021 sermonibus
406 962 464 1020 suis
478 961 587 1020 caedem
600 962 740 1020 bonorum
753 962 928 1039 etqueurbis
942 962 1077 1021 incendia.
1121 971 1167 1024 11.

217 1041 327 1112 Quibus
345 1061 400 1121 ego
420 1040 532 1100 confido
554 1040 718 1118 impendere
740 1042 833 1099 fatum
856 1041 971 1118 aliquod
994 1051 1024 1100 et
1051 1061 1168 1120 poenam

170 1120 325 1198 lojemdiu
345 1120 528 1199 improbitati,
550 1120 692 1197 nequitie,
715 1120 822 1187 sceleri,
837 1119 945 1178 libidini
968 1120 1095 1181 debitam
1116 1128 1168 1180 aut

216 1199 320 1258 instare
336 1200 397 1278 jam
412 1200 496 1277 plene
510 1207 560 1257 aut
580 1207 657 1257 certe
670 1198 909 1285 appropinquare.
951 1201 1029 1269 Quos
1043 1200 1067 1257 si
1086 1220 1168 1259 meus

217 1279 388 1347 consulatus,
403 1278 535 1356 quoniam
550 1296 650 1336 sanare
663 1297 721 1336 non
734 1278 839 1357 potest,
850 1278 1005 1361 somnient,
1012 1299 1068 1337 non
1082 1280 1168 1338 breve

148 1382 175 1413 ιε·
208 1357 311 1435 'nescio
343 1358 402 1416 uod
415 1366 537 1434 tempus,
551 1356 603 1414 sed
623 1357 715 1414 mults
727 1357 824 1415 secula
843 1359 1009 1437 propagarit
1022 1358 1061 1416 rei
1074 1359 1167 1436 publi·
1209 1379 1214 1389 ’
1326 1394 1331 1427 ,

217 1440 267 1495 esi.
339 1434 396 1494 ulla
419 1443 464 1497 est
486 1437 561 1494 enim
585 1436 671 1503 natio,
693 1454 780 1512 quem
804 1436 1052 1513 pertimescemos3
1072 1438 1168 1496 nullus
1328 1436 1334 1451 '

170 1520 206 1575 15
217 1534 275 1582 rex,
290 1516 338 1593 qui
353 1516 460 1574 bellum
474 1515 581 1607 populo
595 1514 726 1572 Romano
738 1514 834 1573 facere
847 1510 944 1592 possit.
987 1515 1089 1574 Omnia
1102 1523 1170 1574 sunt

217 1603 333 1652 externa
354 1595 436 1653 unius
456 1600 560 1652 virtute
584 1599 659 1651 terra
683 1593 811 1670 marique
833 1598 952 1685 Q:
980 1592 1168 1654 domesticum

217 1673 323 1731 bellum
337 1682 450 1741 manet;
469 1673 546 1731 intus
559 1672 667 1730 insidiae
680 1679 755 1739 sunt,
770 1672 846 1730 intus
858 1673 998 1731 inclusum
1012 1673 1169 1751 periculum

216 1758 277 1820 est3
297 1752 373 1810 intua
396 1760 441 1810 est
463 1752 560 1810 hostis.
603 1751 677 1809 Oum
702 1750 813 1809 luxuria
836 1746 925 1820 nobis,
949 1772 1015 1810 cum
1035 1753 1167 1821 amentia,

159 1870 163 1877 ,
217 1850 283 1889 cum
307 1824 424 1890 scelere*
435 1830 603 1909 certandum
623 1840 676 1905 eat.
718 1829 793 1888 Huic
817 1849 873 1909 ego
896 1850 942 1889 me
966 1832 1041 1890 bello
1065 1831 1169 1890 ducem

168 1916 207 1970 20
218 1911 359 1988 profiteor,
370 1902 646 1988 eritesi'suseipio
654 1909 813 1967 inimicitias
825 1910 972 1968 hominum
983 1911 1168 1988 perditorum·

218 1990 290 2058 Quae
303 1990 396 2047 senari
410 1996 553 2067 potenmt,
567 2007 737 2067 quacunque
749 1989 857 2046 ratione
870 1991 992 2059 sanabo:
1013 2007 1080 2066 quae
1092 2008 1168 2048 rese·

217 2068 309 2127 canda
322 2077 413 2136 erunt,
428 2088 484 2126 non
495 2069 588 2146 patiar
600 2068 638 2125 ad
649 2068 802 2146 perniciem
815 2068 935 2125 civitatis
948 2087 1070 2126 manere.
1098 2069 1168 2126 Pro·

217 2146 283 2205 inde
296 2155 347 2204 eut
360 2154 463 2233 crecy
475 2155 526 2206 sut
539 2146 685 2224 qmssescant
695 2155 753 2215 aut,
769 2146 793 2206 si
806 2155 837 2205 et
856 2147 885 2206 in
898 2147 969 2206 urbe
983 2150 1013 2205 et
1026 2144 1054 2205 ln
1068 2146 1169 2206 eedem

217 2234 313 2284 mente
327 2234 502 2304 permanant,
518 2245 560 2294 ea,
575 2244 646 2304 qum
654 2233 807 2295 merentur,
822 2234 998 2305 exspectent.
1191 2226 1193 2233 ’

169 2311 207 2366 25
258 2305 310 2362 VI.
354 2312 399 2364 12.
419 2306 463 2363 At
486 2306 572 2364 etiam
593 2312 667 2373 sunt,
682 2305 731 2384 qui
754 2305 859 2387 dicant,
881 2307 1011 2376 Quirites,
1033 2324 1052 2363 a
1069 2324 1116 2364 me
1139 2306 1170 2364 in

218 2384 345 2441 exsilium
359 2385 482 2462 ejectum
496 2403 559 2442 esse
573 2384 732 2443 Catilinam.
774 2376 860 2455 Quod
879 2404 935 2464 ego
954 2386 978 2444 si
991 2385 1079 2444 verbo
1092 2403 1168 2444 asse·

218 2462 267 2539 qui
281 2481 403 2543 possem,
416 2463 486 2521 istos
500 2464 576 2540 ipsos
590 2462 730 2540 ejicerem,
741 2464 790 2540 qui
803 2464 865 2521 haec
878 2464 1041 2542 loquuntur.
1073 2463 1169 2525 Homo

218 2540 350 2598 videlieet
379 2540 495 2598 timidus
522 2548 572 2597 aut
599 2536 684 2597 stiairi
708 2542 905 2617 permodestus
928 2561 1028 2600 vocem
1046 2536 1169 2599 consulis

218 2620 292 2679 lerre
315 2638 371 2678 non
393 2619 500 2696 potuit:
522 2618 605 2676 simul
629 2626 716 2695 atque
739 2619 778 2675 ire
801 2618 830 2675 in
851 2619 980 2676 exsilium
997 2620 1095 2696 jussus
1115 2626 1168 2686 est,

170 2705 209 2759 80
219 2699 322 2778 paruit,
341 2698 398 2757 ivit.
440 2698 582 2756 Hesterno
587 2696 650 2773 Q,
664 2715 754 2773 quum
767 2696 844 2754 domi
864 2715 935 2755 mese
957 2715 1039 2773 paene
1056 2695 1168 2755 interfe-

219 2785 284 2837 ctus
298 2796 398 2845 essem,
410 2785 540 2835 senatum
549 2776 578 2834 in
588 2775 680 2833 oedem
694 2776 713 2834 J
715 2775 775 2833 ovis
788 2775 909 2833 Statoris
920 2774 1088 2841 convocavi;
1108 2795 1169 2835 rem

219 2876 332 2915 omnem
346 2856 385 2915 ad
405 2865 506 2934 patres·
514 2856 689 2932 conscriptos
713 2854 810 2912 detuli.
851 2854 916 2922 Quo
940 2873 1028 2930 quum
1049 2853 1187 2911 Catilina
1214 2892 1232 2904 „‚
1253 2880 1282 2913 a,
1367 2888 1368 2896 κ

219 2936 349 3005 venisset,
364 2935 508 3013 quiscum
523 2941 636 2993 senator
649 2933 826 3023 appellavit?
854 2933 917 3010 quis
931 2932 1086 2991 salutavit?
1107 2933 1170 3012 quis
1367 2970 1368 3023 p

220 3015 340 3093 denique
360 3014 400 3072 ita
412 3013 546 3092 adspexit
565 3021 599 3072 ut
622 3012 765 3090 perdrtum
779 3012 876 3080 civem,
892 3031 925 3071 aa
939 3031 995 3070 non
1019 3012 1114 3089 potius
1137 3019 1171 3071 ut
1366 3038 1367 3087 p

171 3101 209 3155 35
219 3093 490 3171 importunissimum
505 3092 639 3151 hostem?
681 3092 755 3161 Quin
775 3090 863 3150 etiam
882 3091 1024 3171 principes
1038 3091 1101 3169 ejus
1125 3108 1170 3149 or·
1192 3094 1195 3099 “
1215 3096 1247 3141 t*
1316 3124 1319 3133 κ

163 3218 185 3231 .,
202 3172 292 3253 ζάἰιιὶε
316 3180 428 3250 purtem
450 3172 528 3230 illam
542 3169 749 3239 subselliorum,
763 3170 802 3229 ad
825 3189 913 3247 quam
936 3170 983 3228 ille
1003 3177 1171 3237 accesserat,
1226 3186 1231 3193 ⁸

158 3234 187 3265 ῃ
205 3251 326 3319 [nudam
347 3261 433 3329 atque
455 3251 566 3310 inanem
584 3250 765 3326 reliquerunt
808 3256 855 3308 13.
876 3249 931 3307 Hie
952 3267 1007 3328 ego
1021 3250 1172 3307 vehemens
1356 3265 1368 3305 e

208 3324 267 3387 ‘ille
281 3330 387 3397 consul,
402 3330 450 3407 qui
464 3330 551 3388 verbo
565 3330 641 3391 cives
661 3329 691 3386 in
704 3328 832 3388 exsilimn
865 3327 935 3394 icio,
949 3328 1067 3404 quaesivi
1084 3329 1171 3386 aca-
1329 3356 1342 3369 ·
1365 3358 1366 3365 κ

220 3408 307 3475 tiline,
329 3416 469 3467 nocturno
491 3408 735 3500 conventupapud
758 3407 799 3464 M.
948 3406 1054 3484 &osset
1074 3426 1169 3465 necne
1268 3412 1295 3449 v'

172 3493 211 3548 40
221 3488 318 3558 Quum
331 3486 385 3555 ille,
400 3488 486 3546 homo
503 3486 716 3554 audacissrmus,
731 3485 900 3544 conscientia
913 3485 1058 3543 convietus
1081 3486 1172 3563 primo
1352 3482 1367 3591 p

220 3565 387 3633 reticuisset,
419 3566 540 3644 patefeci
563 3574 675 3633 cetere,
706 3564 774 3642 quid
798 3583 832 3622 ee
855 3572 939 3623 nocte
966 3564 1078 3632 e'sset,
1102 3563 1172 3641 quid

242 3646 353 3704 mxime
374 3645 574 3711 constituisset,
589 3643 831 3722 quemadmodum
846 3651 922 3701 esset
944 3643 971 3701 ei
993 3662 1025 3699 rs
1038 3662 1065 3701 ro
1085 3643 1173 3701 totius
1288 3645 1290 3652 '

222 3664 288 3785 {2111
302 3724 454 3801 descripta,
468 3724 578 3781 edocui.
620 3723 717 3792 Quum
738 3722 891 3801 th,
912 3740 1001 3799 quum
1020 3729 1172 3790 teneretur,
1363 3652 1366 3801 i

222 3803 349 3883 quesivi,
364 3801 434 3883 quid
446 3801 592 3862 dubitaret
604 3800 744 3882 proficisci
763 3819 807 3871 ec,
821 3818 879 3879 quo
897 3800 1071 3880 jampridem
1090 3819 1173 3882 para·
1359 3814 1366 3869 ι

595 4080 620 4129 di
652 4080 673 4112 ln
740 4072 745 4109 l
784 4071 832 4109 it*
