2742 4384
104 290 109 297 ι
175 212 232 267 112
642 222 750 265 nanno

225 354 268 412 sui
283 354 388 431 posteri
397 353 636 411 latrocinarentur.
671 359 717 409 18.
738 353 840 429 Itaque
853 352 881 409 in
891 351 991 410 eadem
1005 352 1059 409 ista
1073 352 1171 431 Appia

225 433 268 490 via
292 453 380 509 quum
394 431 601 489 ornatissimum
615 432 738 507 equitem
760 432 920 488 Romanum
940 432 975 489 P.
991 431 1108 489 Clodius
1129 433 1168 491 M.

223 511 367 588 Papirium
397 510 553 575 occidisset,
582 529 638 566 non
664 510 719 566 fuit
745 509 815 567 illud
843 510 950 566 facinus
978 511 1168 587 puniendum

223 591 309 648 homo
323 590 396 646 enim
419 589 519 646 nobilis
541 589 569 644 in
583 588 640 645 suis
661 588 850 645 monumentis
870 588 993 664 equitem
1008 589 1168 647 Romanum

190 680 208 732 5
223 668 381 735 occiderat;
402 687 476 724 nune
490 666 618 743 ejusdem
632 667 739 744 Appiae
752 686 853 723 nomen
874 675 993 743 quantas
1014 667 1168 744 tragoedins

223 746 343 805 excitat!
384 747 456 815 Quae
476 752 622 803 amentata
643 754 729 802 antea
750 745 831 803 oaede
855 745 964 811 honesti
984 754 1070 821 atque
1089 746 1167 803 inno·

223 826 311 884 centis
325 825 375 882 viri
389 826 532 891 silebatur,
547 823 646 881 eadem
661 843 735 882 nune
756 824 855 881 erebro
868 831 1032 900 usurpatur,
1055 833 1166 900 postea·

222 924 307 981 quam
321 904 434 961 latronis
448 910 477 960 et
497 902 643 980 parricidae
657 901 793 980 sanguine
811 902 919 960 imbute
933 910 984 960 est.
1027 902 1084 959 Sed
1099 902 1167 979 quid

221 1001 277 1061 ego
290 984 338 1041 illa
349 982 559 1040 commemoro?
589 981 819 1057 Comprehensus
829 988 872 1038 est
885 981 914 1038 in
923 980 1031 1057 templo
1043 981 1168 1039 Castoris

171 1069 207 1122 10
221 1080 318 1118 servus
332 1062 365 1119 P.
383 1060 482 1126 Clodii,
493 1078 578 1135 quem
592 1059 637 1116 ille
648 1060 685 1117 ad
701 1060 752 1116 On.
763 1059 930 1136 Pompeium
944 1059 1166 1118 interficiendum

221 1139 388 1206 collocaram
419 1146 528 1195 extorta
551 1146 595 1195 est
618 1138 762 1195 confitenti
775 1138 832 1195 sica
855 1138 892 1195 de
905 1138 1052 1203 manibus3
1077 1139 1167 1196 caruit

220 1218 282 1275 foro
296 1224 395 1295 postea
408 1217 570 1293 Pompeiae,
586 1217 674 1274 caruit
694 1223 803 1282 senatu,
819 1215 908 1273 ceruit
922 1216 1036 1293 publico
1045 1237 1053 1283 ;
1078 1217 1167 1293 janua

220 1315 251 1353 se
265 1315 298 1354 ae
319 1296 480 1372 parietibus,
496 1315 551 1351 non
568 1296 633 1373 jure
646 1296 743 1373 legum
758 1295 984 1372 judiciorumque
997 1294 1075 1352 texit.
1119 1302 1164 1354 19.

221 1374 298 1430 Num
312 1392 377 1449 quae
390 1373 498 1450 rogatio
512 1372 577 1440 lata,
592 1393 660 1430 num
674 1392 739 1451 quae
752 1392 825 1430 nova
838 1374 956 1449 quaestio
970 1373 1084 1430 decreta
1097 1376 1164 1432 est‘?

170 1461 206 1515 15
221 1452 322 1527 Atqui,
338 1452 360 1508 si
374 1471 427 1518 res,
440 1452 462 1508 si
476 1452 526 1517 vir,
542 1453 565 1509 si
580 1461 693 1529 tempus
707 1451 795 1508 ullum
810 1452 926 1529 dignum
939 1451 1001 1517 fuit,
1011 1460 1087 1508 certe
1101 1453 1165 1511 haee

220 1531 248 1586 in
262 1530 309 1586 illa
323 1549 408 1587 eausa
421 1548 530 1586 summa
544 1531 637 1587 omnia
656 1532 778 1588 fuerunt.
821 1530 970 1587 Insidiator
983 1538 1044 1587 erat
1063 1530 1166 1590 infore

221 1608 374 1665 collocatus
396 1618 481 1684 atque
504 1608 531 1664 in
553 1609 692 1667 vestibulo
712 1609 773 1685 ipso
794 1616 924 1675 senetus;
945 1610 970 1667 ei
991 1610 1050 1666 viro
1069 1618 1166 1668 autem

220 1706 296 1744 mors
316 1688 477 1764 parabatur,
492 1688 573 1764 enjus
598 1687 625 1744 iu
639 1688 697 1745 vita
717 1688 859 1744 nitebatur
872 1688 948 1744 salus
969 1688 1104 1756 eivitatis;
1131 1708 1166 1747 eo

221 1784 305 1842 porro
320 1766 359 1822 rei
378 1765 500 1841 publieae
518 1774 653 1842 tempore,
668 1786 734 1843 quo,
750 1766 773 1822 si
791 1785 863 1822 unus
880 1766 926 1822 ille
939 1766 1095 1832 occidisset,
1109 1787 1165 1824 non

169 1853 207 1906 20
221 1844 282 1900 haee
305 1844 396 1901 solum
420 1844 525 1911 civitas,
549 1844 601 1901 sed
626 1854 726 1921 gentes
743 1863 839 1901 omnes
861 1845 1054 1902 concidissent.
1104 1845 1165 1903 Nisi

220 1941 295 1989 vero,
311 1923 376 1999 quie
390 1923 516 1999 perfecta
529 1942 574 1980 res
589 1941 643 1980 non
658 1931 710 1989 est,
724 1941 780 1980 non
794 1922 848 1979 fuit
869 1923 1027 2000 punienda;
1048 1925 1166 1999 proinde

221 2001 301 2078 quasi
314 2001 405 2059 exitus
426 2020 527 2068 rernm,
542 2020 598 2058 non
612 2001 756 2058 hominum
771 2002 885 2059 consilia
902 2002 1012 2079 legibus
1026 2001 1165 2061 vindicen-

221 2088 275 2138 tur.
309 2080 404 2137 Minus
418 2079 571 2137 dolendum
584 2080 648 2147 suit,
663 2099 694 2137 re
708 2099 763 2155 nqn
777 2082 911 2157 perlecta,
926 2081 976 2138 sed
991 2080 1165 2157 puniendum

221 2166 297 2216 certe
317 2159 402 2216 nihilo
426 2158 526 2215 minus.
569 2164 614 2215 20.
637 2158 753 2227 Quoties
774 2178 828 2236 ego
848 2159 917 2236 ipse,
932 2159 1051 2236 judiees,
1072 2180 1108 2217 ex
1130 2160 1164 2218 P.

169 2247 206 2300 25
222 2238 314 2296 Clodii
328 2237 390 2295 telis
404 2246 433 2295 et
456 2255 491 2294 ex
512 2237 633 2295 eruentis
647 2238 709 2313 ejus
729 2237 858 2294 manibus
872 2237 980 2315 effugi?
1001 2257 1037 2295 ex
1062 2238 1166 2315 quibus

221 2316 244 2373 si
264 2337 310 2375 me
330 2336 385 2373 nou
405 2316 450 2373 vel
471 2334 534 2372 mee
548 2315 592 2372 vel
613 2316 653 2372 rei
674 2316 793 2391 publice
807 2315 920 2373 fortuna
940 2324 1087 2383 servasset,
1102 2316 1166 2392 quis

221 2397 334 2454 tandem
350 2395 386 2452 de
400 2394 514 2452 interitu
527 2412 590 2451 meo
604 2394 787 2470 quaestionem
802 2394 936 2451 tulisset?

260 2475 345 2532 VIII.
375 2474 433 2532 Sed
458 2473 537 2530 stulti
558 2492 664 2539 sumus,
687 2472 736 2547 qui
760 2472 893 2540 Drusum,
918 2472 966 2549 qui
989 2472 1165 2541 Africanum,

221 2551 397 2628 Pompeium,
409 2560 519 2609 nosmet
532 2551 609 2628 ipsos
623 2570 689 2607 cum
702 2551 735 2607 P.
746 2550 847 2607 Olodio
861 2551 985 2609 conferre
999 2550 1164 2608 audeamus.

170 2639 208 2691 30
222 2630 386 2687 Tolerabilis
412 2630 526 2687 fuerunt
553 2629 617 2696 illa;
648 2629 681 2686 P.
709 2629 801 2686 Clodii
827 2640 947 2685 mortem
974 2647 1056 2686 nemo
1080 2648 1165 2705 aequo

221 2709 313 2764 animo
329 2708 401 2765 ferre
423 2715 524 2783 potest.
566 2707 661 2785 Luget
675 2714 797 2774 senatus,
820 2716 922 2765 maeret
936 2717 1065 2784 equester
1084 2707 1164 2775 ordo,

222 2794 283 2844 tota
297 2786 393 2843 civitas
407 2787 535 2843 confecta
556 2786 632 2842 senio
646 2795 699 2852 est,
714 2785 845 2862 squalent
857 2785 1016 2862 municipia,
1031 2786 1164 2843 afflictan-

221 2872 269 2922 tur
282 2865 407 2930 eoloniae,
419 2865 479 2942 egri
494 2864 613 2940 denique
621 2863 673 2939 ipsi
688 2872 747 2920 tam
758 2865 923 2929 beneficum,
934 2872 994 2920 tam
1004 2864 1164 2931 salutarem,

220 2949 281 2999 tam
297 2952 475 3001 mansuetum
490 2943 578 2999 eivem
592 2942 760 2999 desiderant.
803 2950 848 2999 21.
870 2942 935 2999 Non
949 2942 1002 2998 luit
1023 2961 1056 2998 ea
1070 2960 1164 3008 eausa,

170 3030 208 3083 35
220 3022 338 3098 judices,
354 3021 488 3097 profecto,
503 3021 634 3087 nonfuit,
651 3041 701 3078 eur
714 3020 766 3077 sibi
780 3030 906 3078 censeret
920 3020 1072 3097 Pompeius
1086 3039 1165 3095 quae·

222 3099 340 3156 stionem
358 3098 519 3165 ferendam
541 3099 591 3156 sed
606 3099 691 3155 homo
712 3099 823 3175 sapiens
840 3107 925 3174 atque
946 3098 1004 3154 alta
1024 3105 1053 3155 et
1074 3098 1167 3155 divina

222 3178 345 3253 quadam
359 3186 452 3233 meute
471 3177 609 3255 praeditus
631 3177 721 3233 multa
735 3176 820 3243 vidit;
841 3176 927 3233 fuisse
948 3176 1026 3232 illum
1044 3176 1096 3234 sibi
1116 3176 1165 3233 ini·

222 3254 333 3321 micum,
349 3255 513 3312 familiarem
529 3255 676 3320 Milonem;
698 3255 726 3310 in
740 3255 880 3310 communi
893 3254 1016 3311 omnium
1031 3255 1128 3311 laetitia
1142 3255 1166 3312 si

223 3333 306 3390 etiem
321 3333 382 3409 ipse
395 3333 542 3410 gauderet,
558 3332 659 3398 timuit,
675 3350 710 3389 ne
724 3331 866 3388 videretur
880 3332 1012 3388 infirmior
1032 3332 1102 3388 fides
1123 3352 1165 3390 re·

171 3419 209 3474 40
223 3411 376 3468 coneiliatae
390 3411 506 3488 gratiae;
527 3411 616 3467 multa
630 3411 715 3466 etiam
729 3409 783 3465 alia
796 3409 873 3475 vidit,
889 3410 939 3466 sed
953 3410 1022 3466 iliud
1036 3410 1165 3477 maxime,

222 3488 350 3565 quamvis
369 3488 501 3545 atrociter
514 3489 574 3565 ipse
589 3487 708 3553 tulisset,
724 3506 773 3543 vos
794 3496 889 3544 tamen
903 3487 1011 3544 fortiter
1022 3488 1165 3564 judicatu·

222 3585 276 3623 ros.
317 3567 418 3642 Itaque
432 3566 537 3644 delegit
558 3565 789 3622 eflorentissimis
806 3565 950 3623 ordinibus
969 3565 1031 3642 ipsa
1052 3565 1166 3625 lumina

222 3644 323 3721 Neque
344 3663 419 3710 vero,
440 3643 516 3719 quod
541 3643 665 3700 nonnulli
679 3643 818 3710 dictitant,
838 3643 956 3700 secrevit
978 3644 1006 3701 in
1024 3644 1168 3721 judicibus

222 3723 349 3803 legendis
362 3723 467 3781 amieos
480 3741 566 3780 meos.
608 3722 710 3797 Neque
723 3721 796 3778 enim
807 3722 861 3779 hoe
872 3721 1007 3799 cogitavit
1017 3722 1058 3780 vir
1069 3723 1165 3800 justis·
