2742 4384
416 246 477 288 eso
491 246 571 288 enee
582 246 740 305 numano,
755 246 823 291 ose.
837 247 879 291 ιι.
1133 240 1170 299 οι

168 384 265 437 utrum
288 396 406 436 cansam
428 377 508 436 illam
530 377 635 436 victam
657 396 720 436 esse
740 379 892 446 nesciebat,
914 397 951 438 aa
973 378 1123 439 Otacilium

167 459 253 516 istam
266 476 406 536 magnum
427 458 572 515 hominem
595 458 739 534 putabat?
759 477 844 549 quem
869 459 999 537 profecto
1019 459 1051 527 is,
1073 460 1122 537 qui

167 538 273 615 optime
287 544 401 594 nostros
420 536 550 594 homines
564 537 650 603 novit,
664 536 710 594 vel
732 555 800 614 qma
812 546 908 596 nosset
920 538 1053 675 veluptzia
1066 556 1121 597 non

165 626 272 685 nosset,
297 623 500 674 contemneret
542 620 589 672 24.
610 615 704 674 Addit
723 616 809 674 etiam
828 616 907 684 illud,
932 635 966 695 eq
1064 636 1121 677 non

165 696 288 773 optimos
302 694 420 755 misisse
461 694 566 761 Credo,
582 695 693 761 (lesan
713 695 782 753 nihil
795 695 833 754 ad
847 705 929 755 tuum
943 698 1102 774 equitatum
1112 709 1149 766 ;t

164 776 216 833 sed
229 775 308 832 misit
321 792 358 832 ex
377 774 419 841 iis,
433 792 507 851 quos
520 773 629 841 habuit,
644 773 780 833 delectos.
821 776 865 832 At
877 776 972 834 nescio
984 794 1069 853 quem
1083 796 1118 835 ex

164 873 198 912 eo
217 873 340 912 numero
357 872 475 911 servum
492 852 661 931 judicatum.
702 853 770 912 Non
789 854 918 922 arbitror,
933 874 989 913 non
1007 856 1118 925 audivi;

163 933 214 991 sed
239 933 269 989 in
289 951 333 1000 eo,
347 932 434 990 etiam
454 932 479 990 ai
501 931 658 1000 accidisset,
673 933 789 1010 culpam
812 934 888 1013 regis
904 934 1010 995 nudam
1032 935 1119 995 fuisse

164 1013 325 1070 arbitrarer.

203 1092 257 1149 ΙΧ,
287 1090 391 1148 Alieno
418 1097 517 1148 autem
543 1108 561 1147 a
583 1097 613 1147 te
640 1090 734 1149 animo
757 1091 925 1168 quomodo?
976 1092 1117 1171 speravit,
1131 1102 1167 1157 10

164 1171 260 1237 credo,
275 1169 402 1227 difficiles
422 1169 474 1227 tibi
488 1169 678 1228 Alexandreae
696 1170 757 1227 fora
775 1171 868 1228 exitus
891 1180 1007 1262 proptor
1027 1175 1117 1265 regio

163 1269 232 1306 num
254 1260 389 1306 naturam
409 1256 439 1306 et
461 1247 592 1307 fluminis.
633 1250 677 1307 At
697 1267 731 1306 eo
745 1259 874 1326 tempore
893 1268 956 1328 ipso
970 1270 1118 1329 pecuniam

165 1327 254 1394 dedit,
270 1328 427 1386 exercitum
439 1327 529 1395 alnit;
549 1328 583 1394 ei,
598 1346 685 1404 quem
699 1326 778 1385 Asiae
800 1330 978 1406 praefeceras,
993 1330 1070 1389 nulla
1089 1332 1117 1390 in

164 1426 194 1464 re
208 1407 320 1474 defuit;
341 1407 393 1464 tibi
406 1407 505 1466 victori
518 1426 575 1464 non
588 1406 680 1465 solum
694 1407 732 1466 ad
747 1408 909 1484 hospitium,
924 1410 975 1467 sed
989 1409 1027 1468 ad
1045 1411 1116 1489 peri·

109 1534 133 1549 .,
165 1487 261 1543 culum
285 1486 373 1543 etiam
392 1494 480 1563 atque
498 1486 537 1544 ud
556 1485 646 1543 aciem
670 1494 778 1564 praesto
798 1487 860 1545 fuit.
903 1494 950 1548 26.
980 1488 1116 1547 Secutum
1129 1498 1166 1554 la

165 1574 208 1622 est
229 1566 338 1623 bellum
352 1566 538 1633 Africanum
559 1583 660 1644 graves
684 1564 722 1623 de
745 1574 775 1623 te
794 1585 938 1635 rumores;
958 1569 1007 1645 qui
1032 1569 1117 1627 etism

163 1644 302 1701 furiosum
316 1645 397 1702 illum
409 1644 557 1702 Caecilium
571 1644 771 1702 excitaverunt.
807 1645 872 1714 Quo
885 1655 947 1704 tum
961 1666 1010 1704 rex
1024 1648 1117 1706 animo

164 1724 240 1780 fuit?
262 1724 312 1799 qui
335 1723 517 1781 auctionatus
537 1723 574 1781 sit
597 1742 716 1800 seseque
735 1723 856 1802 spoliare
877 1725 1008 1783 maluerit
1031 1744 1118 1803 qnam

163 1802 214 1861 tibi
234 1802 388 1879 pecuniam
407 1820 464 1859 non
485 1802 704 1860 subministrare,
745 1804 788 1861 At
808 1822 851 1870 eo,
867 1804 964 1881 inquit,
989 1813 1118 1882 ternpore

163 1881 225 1958 ipso
239 1882 373 1940 Nicaeam
386 1881 591 1959 Ephesumque
604 1881 745 1948 mittebat,
759 1882 807 1959 qni
826 1902 954 1941 rumores
968 1883 1117 1941 Africanos
1129 1892 1167 1946 20

164 1961 328 2038 exciperent
341 1968 371 2018 et
391 1960 519 2018 celeriter
532 1960 570 2017 ad
590 1979 621 2018 se
635 1960 780 2019 referrent.
822 1963 923 2039 Itaque
939 1982 1028 2040 quum
1042 1970 1118 2021 esset

163 2039 189 2097 ei
211 2040 387 2107 nunciatum,
402 2039 559 2098 Domitium
583 2039 730 2118 naufragio
755 2041 868 2118 perisse,
890 2050 919 2098 te
942 2042 970 2099 in
1000 2042 1118 2101 castello

164 2114 374 2186 circumsederi,
395 2118 433 2176 de
464 2119 589 2176 Domitio
616 2118 686 2176 dixit
713 2137 826 2177 versum
855 2120 991 2179 Graecum
1017 2121 1117 2180 eadem

163 2198 314 2265 sententia,
328 2216 386 2274 qua
399 2198 486 2255 etiarn
498 2215 550 2255 nos
564 2198 704 2256 habemus
717 2198 865 2256 hunum:

347 2314 453 2364 Perstat
464 2315 545 2373 amici,
556 2315 614 2364 dum
627 2320 676 2364 una
687 2317 775 2365 inimici
788 2316 931 2367 intamidmt
1129 2328 1166 2383 25

164 2433 241 2512 quod
255 2434 311 2501 ille,
327 2433 351 2491 si
364 2440 440 2491 esset
453 2432 506 2490 tibi
526 2432 738 2500 inimicissimus,
754 2453 900 2511 nunquam
920 2442 1015 2493 tamen
1034 2434 1117 2494 dixis·

165 2521 224 2573 set:
255 2513 318 2590 ipse
341 2513 417 2571 enim
441 2519 614 2581 mansuetus,
639 2532 738 2570 versus
758 2513 894 2571 immanis.
942 2515 998 2584 Qui
1021 2524 1117 2573 autem

165 2592 291 2650 Domitio
306 2600 420 2669 poterat
439 2610 502 2649 esse
516 2592 631 2658 amicus,
647 2592 696 2668 qui
710 2592 760 2651 tibi
776 2599 852 2649 esset
865 2592 1014 2651 inimicus?
1055 2594 1117 2653 Tibi

165 2691 250 2748 porro
264 2671 392 2728 inimicus
407 2690 459 2728 cur
475 2677 558 2737 esset,
573 2690 764 2747 equaquam
779 2671 825 2728 vel
844 2670 961 2730 interfici
975 2673 1040 2731 belli
1054 2673 1118 2752 lege

165 2751 313 2827 potuisset,
325 2769 422 2828 regem
436 2757 466 2806 et
480 2767 512 2806 se
526 2756 555 2807 et
567 2750 656 2807 filium
669 2769 753 2807 suum
764 2750 933 2808 constitutos
943 2770 1006 2810 esse
1019 2754 1116 2810 merni·
1128 2764 1167 2816 30

164 2831 275 2887 nisset?
317 2835 364 2886 26.
386 2828 464 2896 Quid
479 2828 602 2885 deinde‘.l
623 2828 739 2886 furcifer
751 2848 809 2905 qno
824 2830 1024 2906 progreditur?
1055 2832 1116 2897 Ait,

164 2909 218 2966 hac
239 2908 341 2966 laetitia
354 2908 523 2965 Deiotarum
536 2908 643 2966 elatum
657 2907 722 2965 vino
742 2927 773 2965 se
787 2908 922 2975 obruisse,
937 2910 965 2967 in
979 2911 1117 2968 convivio·

164 3007 218 3064 que
232 2988 344 3044 nudum
358 2987 514 3045 saltavisse.
556 2987 629 3056 Quae
642 3006 713 3044 crux
727 2987 793 3044 huic
806 2987 925 3065 fugitivo
941 2988 1118 3066 potestastis

165 3067 298 3144 supplicii
326 3066 451 3123 afferre?
507 3065 673 3123 Deiotarum
706 3066 857 3123 saltantem
885 3067 1035 3144 quisquam
1068 3075 1118 3124 aut

164 3147 275 3204 ebrium
289 3145 361 3203 vidit
383 3145 534 3222 unquam‘.l
575 3144 681 3202 Omnes
705 3144 734 3202 in
757 3145 805 3203 illo
819 3153 886 3202 sunt
908 3165 976 3236 rege
992 3146 1116 3213 virtutes,
1129 3157 1167 3209 35

164 3225 241 3301 quod
255 3233 294 3291 te,
312 3224 418 3291 Caesar,
432 3224 563 3302 ignorare
579 3242 635 3281 non
649 3224 777 3290 arbitror,
793 3224 843 3281 sed
864 3244 1010 3302 praecrpue
1023 3226 1065 3282 sin
1108 3258 1118 3268 ·

164 3303 228 3361 laris
242 3313 273 3361 et
297 3303 466 3361 admiranda
485 3302 652 3380 frugalitas:
674 3303 727 3360 etsi
748 3303 803 3360 hoc
823 3303 911 3360 verbo
931 3304 989 3361 scio
1009 3244 1120 3361 laucfiiii

164 3401 262 3461 regem
272 3402 330 3439 non
344 3382 444 3440 solere.
486 3381 575 3459 Frugi
595 3381 738 3438 hominem
753 3381 808 3438 dici
827 3400 884 3438 non
897 3382 1018 3439 multum
1032 3383 1120 3441 habet

164 3461 256 3519 laudis
277 3462 306 3519 in
326 3479 413 3540 rege;
434 3460 547 3527 fortem,
569 3460 689 3537 justum,
710 3478 847 3525 severum,
862 3479 987 3537 gravem
1002 3479 1118 3540 magna·

164 3541 280 3607 nimum,
296 3540 420 3619 largum,
436 3539 603 3605 beneficum,
624 3538 777 3605 liberalem,
799 3540 844 3596 hae
866 3546 932 3595 sunt
952 3539 1038 3617 regie
1058 3541 1118 3597 lau·
1130 3548 1168 3600 40

164 3620 214 3677 des
223 3640 231 3688 ;
252 3620 302 3678 illa
312 3620 427 3696 privata
440 3624 493 3675 est.
535 3617 577 3674 Ut
586 3616 662 3674 volet
675 3617 794 3693 quisque
805 3618 924 3694 accipiat
933 3637 940 3683 ;
961 3635 1016 3694 ego
1024 3627 1121 3676 tamen

164 3699 369 3778 frugalitatem,
383 3697 413 3755 id
434 3704 488 3763 est,
509 3695 678 3755 modestiam
692 3703 722 3753 et
746 3697 971 3772 temperantiam,
987 3696 1121 3750 virtutem

164 3779 318 3837 maximam
335 3776 447 3856 judico.
489 3775 562 3833 Haec
581 3773 612 3832 in
624 3773 673 3832 illo
686 3780 731 3832 est
748 3775 786 3833 ab
799 3773 912 3831 ineunte
926 3778 1014 3829 aetate
1033 3786 1123 3849 quum
1143 3786 1158 3815 ο
