2742 4384
490 728 757 805 ORATIO

254 986 414 1101 PRO
484 987 547 1117 Q.
599 986 986 1102 LIGARIO.

438 1299 802 1311 ————-—-—-.-

184 1498 209 1555 I.
253 1503 279 1555 1.
309 1497 424 1554 Novam
455 1495 567 1562 crimen,
593 1495 625 1553 Ο.
648 1495 753 1562 Oaesar,
781 1504 811 1554 et
834 1505 899 1556 ante
923 1498 998 1556 hunc
1020 1499 1096 1557 diem

146 1576 305 1632 inauditum
330 1575 506 1652 propinquus
530 1592 610 1631 meus
631 1573 668 1631 ad
693 1584 722 1632 te
743 1576 777 1644 Q.
792 1576 903 1634 Tubero
927 1577 1037 1643 detulit,
1060 1579 1094 1647 Q.

147 1655 293 1732 Ligarium
314 1655 343 1711 in
362 1654 463 1710 Africa
482 1653 585 1718 fuisse;
609 1653 694 1728 idque
717 1653 749 1711 Ο.
770 1654 873 1722 Pausa,
889 1657 1034 1732 praestanti
1055 1657 1096 1714 vir

147 1734 267 1810 ingenio,
282 1733 373 1790 fretus
387 1732 508 1789 fortasse
531 1731 722 1788 familiaritate
736 1751 778 1799 ea,
793 1752 858 1809 quae
878 1743 922 1790 est
943 1733 968 1791 ei
993 1743 1095 1800 tecum,

148 1830 234 1868 ausus
247 1818 293 1868 est
308 1811 443 1868 confiteri.
473 1811 581 1886 Itaque,
596 1827 653 1885 quo
663 1828 709 1867 me
722 1819 839 1877 vertam,
853 1808 959 1869 nescio.⁸
976 1812 1124 1870 Paratus

148 1891 220 1947 enim
234 1909 378 1956 veneram,
387 1908 477 1966 quum
491 1897 523 1945 tu
535 1888 564 1945 id
578 1906 669 1964 neque
683 1908 734 1965 per
747 1896 776 1946 te
795 1890 880 1947 scires
894 1908 986 1965 neque
999 1890 1097 1948 audire

148 1969 262 2025 aliunde
290 1968 439 2044 potuisses,
467 1975 501 2024 ut
526 1967 699 2044 ignoratione
726 1974 777 2024 tua
799 1968 837 2025 ad
862 1968 981 2025 bominis
1004 1969 1097 2026 miseri

148 2048 270 2104 salutem
284 2048 426 2104 abuterer.
468 2045 527 2102 Sed
547 2045 679 2121 quoniam
700 2045 843 2124 diligentia
862 2047 963 2103 inimici
984 2047 1096 2105 investi·

147 2135 248 2203 gatum
263 2134 316 2191 est,
331 2125 409 2202 quod
430 2125 547 2190 latebat,
562 2123 752 2181 confitendum
766 2134 818 2192 est,
832 2134 865 2182 ut
888 2126 1002 2201 opinor;
1024 2146 1095 2203 prae·

147 2205 244 2261 sertim
259 2223 348 2281 quum
362 2222 444 2260 meus
457 2202 629 2260 necessarius
639 2202 733 2259 Pausa
745 2203 851 2271 fecerit,
865 2213 898 2261 ut
911 2204 940 2261 id
954 2205 1095 2282 integrum
1106 2209 1144 2262 10

144 2283 204 2359 jam
226 2303 284 2340 non
308 2289 401 2340 esset:
433 2280 592 2357 omissaque
614 2282 812 2348 controversia,
834 2284 923 2340 omnis
947 2284 1035 2340 oratio
1058 2282 1096 2339 ad

146 2362 367 2419 misericordiam
389 2367 469 2417 tuam
483 2359 651 2416 conferenda
672 2368 724 2426 est,
739 2379 796 2436 qua
819 2361 931 2437 plurimi
951 2370 1017 2418 sunt
1030 2380 1095 2418 con·

148 2440 260 2507 servati,
270 2458 360 2517 quum
374 2446 431 2496 ate
444 2457 501 2495 nou
511 2437 702 2495 liberationem
711 2439 813 2515 culpae,
825 2439 876 2497 sed
890 2440 974 2497 errati
988 2440 1096 2497 veniam

148 2518 384 2594 impetravissent.
426 2524 454 2575 2.
475 2515 593 2574 Habes'
616 2516 678 2582 itur,
694 2517 814 2584 Tubero,
828 2518 906 2595 quod
920 2527 964 2576 est
981 2537 1094 2577 accusa·

148 2598 201 2653 tori
214 2597 338 2654 maxime
352 2596 519 2673 optandum,
541 2612 593 2651 con
613 2603 720 2652 tentem
737 2614 833 2653 reum:
854 2597 905 2653 sed
926 2606 1021 2655 tamen
1041 2599 1142 2655 bocl5

149 2676 338 2741 confitentem,
354 2692 385 2731 se
408 2675 484 2730 inea
499 2681 579 2751 parte
600 2673 696 2740 fuisse,
711 2693 768 2749 qua
781 2682 818 2741 te,
839 2693 896 2750 qua
910 2676 1000 2732 virum
1021 2676 1096 2733 omni

149 2753 233 2810 laude
247 2753 375 2830 dignum,
391 2760 503 2828 patrem
524 2758 613 2809 tuum.
657 2751 759 2828 ltaque
784 2752 861 2828 prius
882 2753 918 2810 de
932 2764 1026 2811 vestro
1047 2754 1095 2811 de·

148 2831 214 2888 licto
237 2832 425 2889 confiteamini
444 2848 559 2887 necesse
579 2837 631 2897 est,
650 2849 736 2907 quam
749 2830 852 2909 Ligarii
873 2832 959 2889 ullam
982 2833 1097 2910 culpam

147 2910 370 2986 reprehendatis.

188 2989 222 3056 Q
238 2990 313 3046 enim
326 2987 464 3065 Ligarius,
479 3005 567 3062 quum
581 2994 656 3044 esset
668 2987 746 3044 nulla
759 2987 825 3045 belli
839 2988 970 3065 suspicio,
984 2989 1096 3065 legatus
1106 2992 1144 3045 20

149 3066 177 3123 in
190 3068 321 3124 Africam
336 3086 400 3123 cum
416 3067 449 3122 Ο.
466 3064 597 3129 Considio
612 3065 756 3143 profectus
767 3074 824 3134 est;
846 3086 902 3142 qna
915 3067 943 3123 in
956 3067 1096 3143 legatione

148 3152 179 3201 et
196 3146 306 3203 civibus
320 3153 350 3201 et
374 3144 456 3202 sociis
476 3143 516 3199 ita
529 3162 559 3200 se
574 3144 712 3220 probavit,
726 3152 760 3201 ut
784 3145 923 3202 decedens
947 3144 1096 3202 Considius

149 3224 294 3300 provincia
317 3223 478 3280 satisfacere
499 3222 657 3280 hominibus
680 3241 737 3279 non
760 3231 865 3299 posset,
879 3223 903 3281 si
926 3241 1096 3301 quemquam

148 3302 234 3358 alium
259 3301 411 3378 provinciae
436 3300 615 3378 praefeoisset.
657 3301 759 3376 Itaque
779 3302 916 3378 Ligarius,
937 3321 1026 3377 quum
1047 3302 1096 3359 diu

147 3397 283 3437 recusans
303 3380 371 3437 nihil
393 3379 566 3456 profecisset,
587 3379 758 3455 provinciam
779 3380 889 3456 accepit
911 3380 1031 3447 invitns;
1052 3381 1143 3436 cui25

148 3457 189 3514 sic
203 3459 318 3535 praefuit
340 3459 369 3515 in
389 3464 560 3535 parentet
580 3458 687 3515 civibus
707 3464 736 3514 et
750 3458 831 3515 sociis
850 3458 1008 3535 gratissima
1022 3466 1097 3515 esset

148 3536 210 3612 ejus
224 3537 372 3614 integritas
396 3555 431 3593 ao
455 3536 533 3593 fides.
575 3542 601 3593 3.
623 3534 734 3593 Bellum
756 3536 849 3594 subito
869 3536 988 3592 exarsit:
1009 3535 1095 3611 quod,

148 3616 197 3690 qui
210 3625 292 3672 erant
301 3617 330 3672 in
343 3615 454 3681 Africa,
469 3621 533 3671 ante
547 3615 697 3671 audienmt
715 3614 775 3691 geri
791 3632 877 3690 quam
891 3613 991 3691 parari.
1033 3614 1097 3682 Quo

149 3693 255 3762 audito,
263 3695 368 3772 partim
376 3693 534 3770 cupiditate
542 3692 752 3760 inconsiderata,
768 3690 869 3769 partim
883 3711 959 3749 caeco
973 3691 1097 3766 quodam

148 3772 257 3841 umore,
273 3773 365 3851 primo
379 3771 489 3839 salutis,
510 3778 578 3850 post
600 3771 687 3828 etiam
707 3770 793 3829 studii
806 3771 850 3828 sui
870 3770 1035 3847 quaerebaut
1048 3767 1096 3825 ali·
1106 3771 1145 3825 30
