<?xml version="1.0" encoding="UTF-8"?>
<!DOCTYPE html PUBLIC "-//W3C//DTD XHTML 1.0 Transitional//EN"
    "http://www.w3.org/TR/xhtml1/DTD/xhtml1-transitional.dtd">
<html xmlns="http://www.w3.org/1999/xhtml" xml:lang="en" lang="en">
 <head>
  <title>
</title>
<meta http-equiv="Content-Type" content="text/html;charset=utf-8" />
  <meta name='ocr-system' content='tesseract 3.04.00' />
  <meta name='ocr-capabilities' content='ocr_page ocr_carea ocr_par ocr_line ocrx_word'/>
</head>
<body>
  <div class='ocr_page' id='page_1' title='image "./selectorationsm03cicegoog_0023.png"; bbox 0 0 2742 4384; ppageno 0'>
   <div class='ocr_carea' id='block_1_1' title="bbox 452 296 1206 358">
    <p class='ocr_par' dir='ltr' id='par_1_1' title="bbox 452 296 1206 358">
     <span class='ocr_line' id='line_1_1' title="bbox 452 296 1206 358; baseline 0.003 -9"><span class='ocrx_word' id='word_1_1' title='bbox 452 309 487 349; x_wconf 81' lang='lat' dir='ltr'><strong>nr</strong></span> <span class='ocrx_word' id='word_1_2' title='bbox 506 307 677 358; x_wconf 74' lang='lat' dir='ltr'><strong>osrnssau,</strong></span> <span class='ocrx_word' id='word_1_3' title='bbox 699 307 766 348; x_wconf 82' lang='lat' dir='ltr'><strong>oar.</strong></span> <span class='ocrx_word' id='word_1_4' title='bbox 788 308 839 357; x_wconf 89' lang='lat' dir='ltr'><strong>m,</strong></span> <span class='ocrx_word' id='word_1_5' title='bbox 853 309 918 350; x_wconf 88' lang='lat' dir='ltr'><strong>xm.</strong></span> <span class='ocrx_word' id='word_1_6' title='bbox 1169 296 1206 356; x_wconf 77' lang='lat' dir='ltr'><strong>lt</strong></span> 
     </span>
    </p>
   </div>
   <div class='ocr_carea' id='block_1_2' title="bbox 20 436 1242 3976">
    <p class='ocr_par' dir='ltr' id='par_1_2' title="bbox 202 436 1242 597">
     <span class='ocr_line' id='line_1_2' title="bbox 202 436 1242 530; baseline 0.006 -35"><span class='ocrx_word' id='word_1_7' title='bbox 202 436 257 497; x_wconf 89' lang='lat' dir='ltr'><strong>hac</strong></span> <span class='ocrx_word' id='word_1_8' title='bbox 278 456 311 496; x_wconf 92' lang='lat' dir='ltr'><strong>re</strong></span> <span class='ocrx_word' id='word_1_9' title='bbox 338 437 455 516; x_wconf 85' lang='lat' dir='ltr'><strong>publica</strong></span> <span class='ocrx_word' id='word_1_10' title='bbox 482 438 653 530; x_wconf 87' lang='lat' dir='ltr'><strong>perniciosos</strong></span> <span class='ocrx_word' id='word_1_11' title='bbox 677 438 753 498; x_wconf 77' lang='lat' dir='ltr'><strong>cives</strong></span> <span class='ocrx_word' id='word_1_12' title='bbox 779 446 870 497; x_wconf 88' lang='lat' dir='ltr'><strong>morte</strong></span> <span class='ocrx_word' id='word_1_13' title='bbox 891 438 1056 499; x_wconf 80' lang='lat' dir='ltr'><strong>multarunt</strong></span> <span class='ocrx_word' id='word_1_14' title='bbox 1106 441 1155 501; x_wconf 83' lang='lat' dir='ltr'><strong>An</strong></span> <span class='ocrx_word' id='word_1_15' title='bbox 1197 446 1209 491; x_wconf 85' lang='lat' dir='ltr'><strong>l·</strong></span> <span class='ocrx_word' id='word_1_16' title='bbox 1228 474 1242 487; x_wconf 87' lang='lat'><strong>··</strong></span> 
     </span>
     <span class='ocr_line' id='line_1_3' title="bbox 202 516 1155 597; baseline 0.005 -23"><span class='ocrx_word' id='word_1_17' title='bbox 202 516 290 595; x_wconf 79' lang='lat' dir='ltr'><strong>leges,</strong></span> <span class='ocrx_word' id='word_1_18' title='bbox 304 536 371 594; x_wconf 83' lang='lat' dir='ltr'><strong>quae</strong></span> <span class='ocrx_word' id='word_1_19' title='bbox 387 518 423 576; x_wconf 88' lang='lat' dir='ltr'><strong>de</strong></span> <span class='ocrx_word' id='word_1_20' title='bbox 442 518 546 575; x_wconf 83' lang='lat' dir='ltr'><strong>cirrum</strong></span> <span class='ocrx_word' id='word_1_21' title='bbox 566 518 761 575; x_wconf 86' lang='lat' dir='ltr'><strong>Romanorum</strong></span> <span class='ocrx_word' id='word_1_22' title='bbox 780 518 1049 597; x_wconf 63' lang='lat' dir='ltr'><strong>suppliciowgatre</strong></span> <span class='ocrx_word' id='word_1_23' title='bbox 1064 522 1155 579; x_wconf 79' lang='lat' dir='ltr'><strong>snut?</strong></span> 
     </span>
    </p>

    <p class='ocr_par' dir='ltr' id='par_1_3' title="bbox 20 595 1199 1523">
     <span class='ocr_line' id='line_1_4' title="bbox 20 595 1154 674; baseline 0.006 -23"><span class='ocrx_word' id='word_1_24' title='bbox 20 661 24 672; x_wconf 88' lang='lat'><strong><em>.</em></strong></span> <span class='ocrx_word' id='word_1_25' title='bbox 106 654 110 663; x_wconf 60' lang='grc'>,</span> <span class='ocrx_word' id='word_1_26' title='bbox 202 595 408 673; x_wconf 72' lang='lat' dir='ltr'><strong>utnusquam</strong></span> <span class='ocrx_word' id='word_1_27' title='bbox 432 597 461 654; x_wconf 92' lang='lat' dir='ltr'><strong>in</strong></span> <span class='ocrx_word' id='word_1_28' title='bbox 484 598 539 655; x_wconf 82' lang='lat' dir='ltr'><strong>hac</strong></span> <span class='ocrx_word' id='word_1_29' title='bbox 562 598 633 655; x_wconf 92' lang='lat' dir='ltr'><strong>urbe</strong></span> <span class='ocrx_word' id='word_1_30' title='bbox 653 597 679 663; x_wconf 82' lang='lat' dir='ltr'><strong>ii,</strong></span> <span class='ocrx_word' id='word_1_31' title='bbox 695 596 742 673; x_wconf 92' lang='lat' dir='ltr'><strong>qui</strong></span> <span class='ocrx_word' id='word_1_32' title='bbox 763 614 825 654; x_wconf 90' lang='lat' dir='ltr'><strong>are</strong></span> <span class='ocrx_word' id='word_1_33' title='bbox 846 597 959 674; x_wconf 88' lang='lat' dir='ltr'><strong>publica</strong></span> <span class='ocrx_word' id='word_1_34' title='bbox 980 598 1154 667; x_wconf 82' lang='lat' dir='ltr'><strong>defecerunt,</strong></span> 
     </span>
     <span class='ocr_line' id='line_1_5' title="bbox 202 675 1154 754; baseline 0.006 -22"><span class='ocrx_word' id='word_1_35' title='bbox 202 676 305 733; x_wconf 83' lang='lat' dir='ltr'><strong>civium</strong></span> <span class='ocrx_word' id='word_1_36' title='bbox 324 677 391 753; x_wconf 87' lang='lat' dir='ltr'><strong>jura</strong></span> <span class='ocrx_word' id='word_1_37' title='bbox 414 682 574 734; x_wconf 89' lang='lat' dir='ltr'><strong>tenuerunt.</strong></span> <span class='ocrx_word' id='word_1_38' title='bbox 628 676 678 733; x_wconf 79' lang='lat' dir='ltr'><strong>An</strong></span> <span class='ocrx_word' id='word_1_39' title='bbox 696 675 829 733; x_wconf 83' lang='lat' dir='ltr'><strong>invidiam</strong></span> <span class='ocrx_word' id='word_1_40' title='bbox 852 677 1026 754; x_wconf 83' lang='lat' dir='ltr'><strong>posteritatis</strong></span> <span class='ocrx_word' id='word_1_41' title='bbox 1050 680 1154 738; x_wconf 78' lang='lat' dir='ltr'><strong>times?</strong></span> 
     </span>
     <span class='ocr_line' id='line_1_6' title="bbox 202 746 1181 833; baseline 0.004 -22"><span class='ocrx_word' id='word_1_42' title='bbox 202 746 375 812; x_wconf 73' lang='lat' dir='ltr'><strong>Praeclara&#39;ffi</strong></span> <span class='ocrx_word' id='word_1_43' title='bbox 389 774 457 813; x_wconf 87' lang='lat' dir='ltr'><strong>vero</strong></span> <span class='ocrx_word' id='word_1_44' title='bbox 471 756 579 833; x_wconf 90' lang='lat' dir='ltr'><strong>populo</strong></span> <span class='ocrx_word' id='word_1_45' title='bbox 599 755 729 812; x_wconf 86' lang='lat' dir='ltr'><strong>Romano</strong></span> <span class='ocrx_word' id='word_1_46' title='bbox 742 754 830 812; x_wconf 82' lang='lat' dir='ltr'><strong>refers</strong></span> <span class='ocrx_word' id='word_1_47' title='bbox 843 756 973 833; x_wconf 82' lang='lat' dir='ltr'><strong>gratiam,</strong></span> <span class='ocrx_word' id='word_1_48' title='bbox 988 758 1035 833; x_wconf 90' lang='lat' dir='ltr'><strong>qni</strong></span> <span class='ocrx_word' id='word_1_49' title='bbox 1060 768 1088 816; x_wconf 83' lang='lat' dir='ltr'><strong>te</strong></span> <span class='ocrx_word' id='word_1_50' title='bbox 1104 759 1181 817; x_wconf 72' lang='lat' dir='ltr'><strong>bob</strong></span> 
     </span>
     <span class='ocr_line' id='line_1_7' title="bbox 201 833 1154 914; baseline 0.006 -24"><span class='ocrx_word' id='word_1_51' title='bbox 201 833 307 890; x_wconf 85' lang='lat' dir='ltr'><strong>minem</strong></span> <span class='ocrx_word' id='word_1_52' title='bbox 330 853 382 911; x_wconf 87' lang='lat' dir='ltr'><strong>per</strong></span> <span class='ocrx_word' id='word_1_53' title='bbox 404 841 434 891; x_wconf 89' lang='lat' dir='ltr'><strong>te</strong></span> <span class='ocrx_word' id='word_1_54' title='bbox 457 835 612 914; x_wconf 87' lang='lat' dir='ltr'><strong>cognitum,</strong></span> <span class='ocrx_word' id='word_1_55' title='bbox 640 834 718 891; x_wconf 90' lang='lat' dir='ltr'><strong>nulla</strong></span> <span class='ocrx_word' id='word_1_56' title='bbox 742 834 986 893; x_wconf 73' lang='lat' dir='ltr'>commendatione</span> <span class='ocrx_word' id='word_1_57' title='bbox 1014 837 1154 913; x_wconf 87' lang='lat' dir='ltr'><strong>majorum</strong></span> 
     </span>
     <span class='ocr_line' id='line_1_8' title="bbox 200 912 1152 990; baseline 0.006 -21"><span class='ocrx_word' id='word_1_58' title='bbox 200 919 262 969; x_wconf 91' lang='lat' dir='ltr'><strong>tam</strong></span> <span class='ocrx_word' id='word_1_59' title='bbox 285 922 397 971; x_wconf 82' lang='lat' dir='ltr'><strong>mature</strong></span> <span class='ocrx_word' id='word_1_60' title='bbox 418 913 456 970; x_wconf 92' lang='lat' dir='ltr'><strong>ad</strong></span> <span class='ocrx_word' id='word_1_61' title='bbox 479 932 621 971; x_wconf 86' lang='lat' dir='ltr'><strong>summurn</strong></span> <span class='ocrx_word' id='word_1_62' title='bbox 645 912 796 990; x_wconf 88' lang='lat' dir='ltr'><strong>imperium</strong></span> <span class='ocrx_word' id='word_1_63' title='bbox 819 931 870 990; x_wconf 92' lang='lat' dir='ltr'><strong>per</strong></span> <span class='ocrx_word' id='word_1_64' title='bbox 893 932 991 972; x_wconf 86' lang='lat' dir='ltr'><strong>omncs</strong></span> <span class='ocrx_word' id='word_1_65' title='bbox 1015 916 1152 975; x_wconf 86' lang='lat' dir='ltr'><strong>honorum</strong></span> 
     </span>
     <span class='ocr_line' id='line_1_9' title="bbox 199 990 1152 1072; baseline 0.006 -24"><span class='ocrx_word' id='word_1_66' title='bbox 199 991 309 1068; x_wconf 81' lang='lat' dir='ltr'><strong>gradus</strong></span> <span class='ocrx_word' id='word_1_67' title='bbox 333 992 442 1060; x_wconf 82' lang='lat' dir='ltr'><strong>extulit,</strong></span> <span class='ocrx_word' id='word_1_68' title='bbox 468 992 491 1050; x_wconf 91' lang='lat' dir='ltr'><strong>si</strong></span> <span class='ocrx_word' id='word_1_69' title='bbox 517 1001 635 1070; x_wconf 86' lang='lat' dir='ltr'><strong>propter</strong></span> <span class='ocrx_word' id='word_1_70' title='bbox 655 990 788 1049; x_wconf 80' lang='lat' dir='ltr'><strong>invidiam</strong></span> <span class='ocrx_word' id='word_1_71' title='bbox 812 1001 863 1050; x_wconf 86' lang='lat' dir='ltr'><strong>aut</strong></span> <span class='ocrx_word' id='word_1_72' title='bbox 889 993 1010 1050; x_wconf 77' lang='lat' dir='ltr'><strong>nlicu&#39;us</strong></span> <span class='ocrx_word' id='word_1_73' title='bbox 1023 995 1152 1072; x_wconf 81' lang='lat' dir='ltr'><strong>periculi</strong></span> 
     </span>
     <span class='ocr_line' id='line_1_10' title="bbox 199 1014 1151 1149; baseline 0.007 -23"><span class='ocrx_word' id='word_1_74' title='bbox 199 1078 311 1127; x_wconf 90' lang='lat' dir='ltr'><strong>metum</strong></span> <span class='ocrx_word' id='word_1_75' title='bbox 323 1064 444 1129; x_wconf 70' lang='lat' dir='ltr'><strong>salutem</strong></span> <span class='ocrx_word' id='word_1_76' title='bbox 464 1071 566 1131; x_wconf 84' lang='lat' dir='ltr'><strong>civium</strong></span> <span class='ocrx_word' id='word_1_77' title='bbox 586 1080 700 1130; x_wconf 88' lang='lat' dir='ltr'><strong>tuorum</strong></span> <span class='ocrx_word' id='word_1_78' title='bbox 720 1071 846 1149; x_wconf 78' lang='lat' dir='ltr'><strong>negligis.</strong></span> <span class='ocrx_word' id='word_1_79' title='bbox 889 1014 1066 1139; x_wconf 45' lang='lat' dir='ltr'><strong>amburi</strong></span> <span class='ocrx_word' id='word_1_80' title='bbox 1109 1074 1151 1133; x_wconf 87' lang='lat' dir='ltr'><strong>uis</strong></span> 
     </span>
     <span class='ocr_line' id='line_1_11' title="bbox 199 1094 1199 1218; baseline 0.006 -13"><span class='ocrx_word' id='word_1_81' title='bbox 199 1156 245 1205; x_wconf 90' lang='lat' dir='ltr'><strong>est</strong></span> <span class='ocrx_word' id='word_1_82' title='bbox 266 1149 378 1208; x_wconf 81' lang='lat' dir='ltr'><strong>invidiae</strong></span> <span class='ocrx_word' id='word_1_83' title='bbox 393 1158 495 1218; x_wconf 89' lang='lat' dir='ltr'><strong>metus,</strong></span> <span class='ocrx_word' id='word_1_84' title='bbox 510 1169 578 1209; x_wconf 93' lang='lat' dir='ltr'><strong>num</strong></span> <span class='ocrx_word' id='word_1_85' title='bbox 592 1160 638 1208; x_wconf 86' lang='lat' dir='ltr'><strong>est</strong></span> <span class='ocrx_word' id='word_1_86' title='bbox 657 1150 853 1209; x_wconf 82' lang='lat' dir='ltr'><strong>vehementius</strong></span> <span class='ocrx_word' id='word_1_87' title='bbox 865 1151 1023 1209; x_wconf 81' lang='lat' dir='ltr'><strong>severitatis</strong></span> <span class='ocrx_word' id='word_1_88' title='bbox 1037 1171 1070 1210; x_wconf 84' lang='lat' dir='ltr'><strong>ao</strong></span> <span class='ocrx_word' id='word_1_89' title='bbox 1088 1094 1199 1211; x_wconf 73' lang='lat' dir='ltr'><strong>lor-10</strong></span> 
     </span>
     <span class='ocr_line' id='line_1_12' title="bbox 198 1226 1149 1307; baseline 0.005 -23"><span class='ocrx_word' id='word_1_90' title='bbox 198 1226 327 1285; x_wconf 83' lang='lat' dir='ltr'><strong>titudinis</strong></span> <span class='ocrx_word' id='word_1_91' title='bbox 350 1229 552 1306; x_wconf 86' lang='lat' dir='ltr'><strong>invidiaquam</strong></span> <span class='ocrx_word' id='word_1_92' title='bbox 571 1230 678 1288; x_wconf 84' lang='lat' dir='ltr'><strong>inertiae</strong></span> <span class='ocrx_word' id='word_1_93' title='bbox 701 1248 735 1287; x_wconf 82' lang='lat' dir='ltr'><strong>ac</strong></span> <span class='ocrx_word' id='word_1_94' title='bbox 748 1229 880 1306; x_wconf 84' lang='lat' dir='ltr'><strong>nequitiae</strong></span> <span class='ocrx_word' id='word_1_95' title='bbox 903 1231 1149 1307; x_wconf 73' lang='lat' dir='ltr'><strong>pertimescenda?</strong></span> 
     </span>
     <span class='ocr_line' id='line_1_13' title="bbox 197 1306 1151 1383; baseline 0.005 -20"><span class='ocrx_word' id='word_1_96' title='bbox 197 1306 249 1363; x_wconf 85' lang='lat' dir='ltr'><strong>An</strong></span> <span class='ocrx_word' id='word_1_97' title='bbox 271 1327 360 1383; x_wconf 90' lang='lat' dir='ltr'><strong>quum</strong></span> <span class='ocrx_word' id='word_1_98' title='bbox 381 1309 457 1367; x_wconf 90' lang='lat' dir='ltr'><strong>bello</strong></span> <span class='ocrx_word' id='word_1_99' title='bbox 476 1309 635 1367; x_wconf 77' lang='lat' dir='ltr'><strong>vastabitur</strong></span> <span class='ocrx_word' id='word_1_100' title='bbox 657 1308 750 1374; x_wconf 83' lang='lat' dir='ltr'><strong>Italia,</strong></span> <span class='ocrx_word' id='word_1_101' title='bbox 764 1309 945 1366; x_wconf 85' lang='lat' dir='ltr'><strong>vexabuntur</strong></span> <span class='ocrx_word' id='word_1_102' title='bbox 958 1312 1051 1377; x_wconf 90' lang='lat' dir='ltr'><strong>urbes,</strong></span> <span class='ocrx_word' id='word_1_103' title='bbox 1073 1320 1151 1368; x_wconf 86' lang='lat' dir='ltr'><strong>tecta</strong></span> 
     </span>
     <span class='ocr_line' id='line_1_14' title="bbox 196 1386 1149 1469; baseline 0.005 -27"><span class='ocrx_word' id='word_1_104' title='bbox 196 1386 349 1454; x_wconf 87' lang='lat' dir='ltr'><strong>ardebunt,</strong></span> <span class='ocrx_word' id='word_1_105' title='bbox 363 1395 426 1446; x_wconf 90' lang='lat' dir='ltr'><strong>tum</strong></span> <span class='ocrx_word' id='word_1_106' title='bbox 445 1395 474 1446; x_wconf 90' lang='lat' dir='ltr'><strong>te</strong></span> <span class='ocrx_word' id='word_1_107' title='bbox 488 1407 544 1446; x_wconf 92' lang='lat' dir='ltr'><strong>non</strong></span> <span class='ocrx_word' id='word_1_108' title='bbox 558 1387 702 1446; x_wconf 77' lang='lat' dir='ltr'><strong>existimas</strong></span> <span class='ocrx_word' id='word_1_109' title='bbox 717 1387 830 1447; x_wconf 74' lang='lat' dir='ltr'><strong>invidia</strong></span> <span class='ocrx_word' id='word_1_110' title='bbox 845 1388 973 1447; x_wconf 88' lang='lat' dir='ltr'><strong>incendio</strong></span> <span class='ocrx_word' id='word_1_111' title='bbox 994 1389 1149 1469; x_wconf 82' lang='lat' dir='ltr'><strong>conflagra-</strong></span> 
     </span>
     <span class='ocr_line' id='line_1_15' title="bbox 197 1465 336 1523; baseline 0.007 -1"><span class='ocrx_word' id='word_1_112' title='bbox 197 1470 295 1523; x_wconf 89' lang='lat' dir='ltr'><strong>turum</strong></span> <span class='ocrx_word' id='word_1_113' title='bbox 302 1465 336 1523; x_wconf 78' lang='lat'>‘3&#39;’</span> 
     </span>
    </p>

    <p class='ocr_par' dir='ltr' id='par_1_4' title="bbox 193 1544 1220 2657">
     <span class='ocr_line' id='line_1_16' title="bbox 237 1544 1197 1625; baseline 0.007 -24"><span class='ocrx_word' id='word_1_114' title='bbox 237 1545 305 1604; x_wconf 91' lang='lat' dir='ltr'><strong>XII.</strong></span> <span class='ocrx_word' id='word_1_115' title='bbox 327 1545 382 1604; x_wconf 89' lang='lat' dir='ltr'><strong>His</strong></span> <span class='ocrx_word' id='word_1_116' title='bbox 398 1564 453 1625; x_wconf 87' lang='lat' dir='ltr'><strong>ego</strong></span> <span class='ocrx_word' id='word_1_117' title='bbox 467 1546 648 1605; x_wconf 77' lang='lat' dir='ltr'><strong>sanctissimis</strong></span> <span class='ocrx_word' id='word_1_118' title='bbox 661 1545 703 1603; x_wconf 90' lang='lat' dir='ltr'><strong>rei</strong></span> <span class='ocrx_word' id='word_1_119' title='bbox 722 1544 845 1623; x_wconf 85' lang='lat' dir='ltr'><strong>publicae</strong></span> <span class='ocrx_word' id='word_1_120' title='bbox 859 1545 980 1605; x_wconf 80' lang='lat' dir='ltr'><strong>vocibus</strong></span> <span class='ocrx_word' id='word_1_121' title='bbox 1000 1554 1031 1605; x_wconf 89' lang='lat' dir='ltr'><strong>et</strong></span> <span class='ocrx_word' id='word_1_122' title='bbox 1049 1566 1147 1607; x_wconf 88' lang='lat' dir='ltr'><strong>eorum</strong></span> <span class='ocrx_word' id='word_1_123' title='bbox 1160 1552 1197 1609; x_wconf 79' lang='lat' dir='ltr'><strong>lt</strong></span> 
     </span>
     <span class='ocr_line' id='line_1_17' title="bbox 196 1622 1148 1705; baseline 0.005 -25"><span class='ocrx_word' id='word_1_124' title='bbox 196 1622 351 1691; x_wconf 89' lang='lat' dir='ltr'><strong>hominum,</strong></span> <span class='ocrx_word' id='word_1_125' title='bbox 365 1626 414 1702; x_wconf 90' lang='lat' dir='ltr'><strong>qui</strong></span> <span class='ocrx_word' id='word_1_126' title='bbox 427 1627 482 1684; x_wconf 92' lang='lat' dir='ltr'><strong>hoc</strong></span> <span class='ocrx_word' id='word_1_127' title='bbox 494 1625 571 1684; x_wconf 89' lang='lat' dir='ltr'><strong>idem</strong></span> <span class='ocrx_word' id='word_1_128' title='bbox 584 1627 717 1692; x_wconf 88' lang='lat' dir='ltr'><strong>sentiunt,</strong></span> <span class='ocrx_word' id='word_1_129' title='bbox 733 1626 875 1684; x_wconf 87' lang='lat' dir='ltr'><strong>mentibus</strong></span> <span class='ocrx_word' id='word_1_130' title='bbox 889 1644 982 1704; x_wconf 88' lang='lat' dir='ltr'><strong>pauca</strong></span> <span class='ocrx_word' id='word_1_131' title='bbox 995 1626 1148 1705; x_wconf 86' lang='lat' dir='ltr'><strong>responde·</strong></span> 
     </span>
     <span class='ocr_line' id='line_1_18' title="bbox 196 1702 1148 1782; baseline 0.004 -22"><span class='ocrx_word' id='word_1_132' title='bbox 196 1702 244 1760; x_wconf 89' lang='lat' dir='ltr'><strong>bo.</strong></span> <span class='ocrx_word' id='word_1_133' title='bbox 285 1703 357 1782; x_wconf 80' lang='lat' dir='ltr'><strong>Ego,</strong></span> <span class='ocrx_word' id='word_1_134' title='bbox 382 1705 406 1762; x_wconf 91' lang='lat' dir='ltr'><strong>si</strong></span> <span class='ocrx_word' id='word_1_135' title='bbox 430 1705 486 1763; x_wconf 90' lang='lat' dir='ltr'><strong>hoc</strong></span> <span class='ocrx_word' id='word_1_136' title='bbox 510 1705 648 1782; x_wconf 88' lang='lat' dir='ltr'><strong>optimum</strong></span> <span class='ocrx_word' id='word_1_137' title='bbox 672 1705 753 1763; x_wconf 80' lang='lat' dir='ltr'><strong>lactu</strong></span> <span class='ocrx_word' id='word_1_138' title='bbox 772 1704 939 1782; x_wconf 87' lang='lat' dir='ltr'><strong>judicarem,</strong></span> <span class='ocrx_word' id='word_1_139' title='bbox 960 1706 1061 1764; x_wconf 86' lang='lat' dir='ltr'><strong>Patres</strong></span> <span class='ocrx_word' id='word_1_140' title='bbox 1082 1726 1148 1764; x_wconf 91' lang='lat' dir='ltr'><strong>con·</strong></span> 
     </span>
     <span class='ocr_line' id='line_1_19' title="bbox 196 1781 1148 1863; baseline 0.005 -25"><span class='ocrx_word' id='word_1_141' title='bbox 196 1781 303 1859; x_wconf 87' lang='lat' dir='ltr'><strong>scripti,</strong></span> <span class='ocrx_word' id='word_1_142' title='bbox 318 1783 469 1841; x_wconf 66' lang='lat' dir='ltr'><strong>Caudinam</strong></span> <span class='ocrx_word' id='word_1_143' title='bbox 482 1791 574 1842; x_wconf 88' lang='lat' dir='ltr'><strong>morte</strong></span> <span class='ocrx_word' id='word_1_144' title='bbox 583 1784 707 1851; x_wconf 82' lang='lat' dir='ltr'><strong>multari,</strong></span> <span class='ocrx_word' id='word_1_145' title='bbox 721 1782 932 1842; x_wconf 68' lang='lat' dir='ltr'><strong>unius‘usuram</strong></span> <span class='ocrx_word' id='word_1_146' title='bbox 946 1785 1025 1843; x_wconf 80' lang='lat' dir='ltr'><strong>horae</strong></span> <span class='ocrx_word' id='word_1_147' title='bbox 1040 1785 1148 1863; x_wconf 87' lang='lat' dir='ltr'><strong>gladia·</strong></span> 
     </span>
     <span class='ocr_line' id='line_1_20' title="bbox 195 1861 1181 1928; baseline 0.003 -10"><span class='ocrx_word' id='word_1_148' title='bbox 195 1862 251 1918; x_wconf 90' lang='lat' dir='ltr'><strong>tori</strong></span> <span class='ocrx_word' id='word_1_149' title='bbox 264 1861 310 1919; x_wconf 90' lang='lat' dir='ltr'><strong>isti</strong></span> <span class='ocrx_word' id='word_1_150' title='bbox 322 1862 360 1919; x_wconf 85' lang='lat' dir='ltr'><strong>ad</strong></span> <span class='ocrx_word' id='word_1_151' title='bbox 374 1862 527 1920; x_wconf 86' lang='lat' dir='ltr'><strong>vivendum</strong></span> <span class='ocrx_word' id='word_1_152' title='bbox 540 1882 597 1921; x_wconf 92' lang='lat' dir='ltr'><strong>non</strong></span> <span class='ocrx_word' id='word_1_153' title='bbox 609 1864 760 1921; x_wconf 77' lang='lat' dir='ltr'><strong>dedissem.</strong></span> <span class='ocrx_word' id='word_1_154' title='bbox 801 1862 923 1928; x_wconf 83' lang='lat' dir='ltr'><strong>Etenim,</strong></span> <span class='ocrx_word' id='word_1_155' title='bbox 938 1864 961 1920; x_wconf 83' lang='lat' dir='ltr'><strong>sl</strong></span> <span class='ocrx_word' id='word_1_156' title='bbox 980 1863 1084 1920; x_wconf 87' lang='lat' dir='ltr'><strong>summi</strong></span> <span class='ocrx_word' id='word_1_157' title='bbox 1098 1864 1149 1921; x_wconf 80' lang='lat' dir='ltr'><strong>riri</strong></span> <span class='ocrx_word' id='word_1_158' title='bbox 1177 1864 1181 1877; x_wconf 73' lang='lat'><strong><em>⁴</em></strong></span> 
     </span>
     <span class='ocr_line' id='line_1_21' title="bbox 196 1930 1196 2004; baseline 0.007 -7"><span class='ocrx_word' id='word_1_159' title='bbox 196 1946 227 1997; x_wconf 87' lang='lat' dir='ltr'><strong>et</strong></span> <span class='ocrx_word' id='word_1_160' title='bbox 247 1930 490 2000; x_wconf 52' lang='lat' dir='ltr'><strong>clarissimibll&#39;e&#39;s</strong></span> <span class='ocrx_word' id='word_1_161' title='bbox 512 1940 654 2000; x_wconf 82' lang='lat' dir='ltr'><strong>Saturnini</strong></span> <span class='ocrx_word' id='word_1_162' title='bbox 675 1948 706 2001; x_wconf 88' lang='lat' dir='ltr'><strong>et</strong></span> <span class='ocrx_word' id='word_1_163' title='bbox 730 1942 926 2000; x_wconf 84' lang='lat' dir='ltr'><strong>Gracchorum</strong></span> <span class='ocrx_word' id='word_1_164' title='bbox 950 1948 981 2000; x_wconf 88' lang='lat' dir='ltr'><strong>et</strong></span> <span class='ocrx_word' id='word_1_165' title='bbox 1001 1940 1096 2000; x_wconf 80' lang='lat' dir='ltr'><strong>Flacci</strong></span> <span class='ocrx_word' id='word_1_166' title='bbox 1119 1949 1196 2004; x_wconf 77' lang='lat' dir='ltr'><strong>etto</strong></span> 
     </span>
     <span class='ocr_line' id='line_1_22' title="bbox 196 2020 1147 2100; baseline 0.002 -24"><span class='ocrx_word' id='word_1_167' title='bbox 196 2020 374 2097; x_wconf 88' lang='lat' dir='ltr'><strong>superiorum</strong></span> <span class='ocrx_word' id='word_1_168' title='bbox 395 2020 584 2098; x_wconf 89' lang='lat' dir='ltr'><strong>complurium</strong></span> <span class='ocrx_word' id='word_1_169' title='bbox 603 2020 740 2100; x_wconf 87' lang='lat' dir='ltr'><strong>sangnine</strong></span> <span class='ocrx_word' id='word_1_170' title='bbox 752 2040 810 2079; x_wconf 91' lang='lat' dir='ltr'><strong>non</strong></span> <span class='ocrx_word' id='word_1_171' title='bbox 823 2020 910 2078; x_wconf 91' lang='lat' dir='ltr'><strong>modo</strong></span> <span class='ocrx_word' id='word_1_172' title='bbox 930 2039 961 2078; x_wconf 91' lang='lat' dir='ltr'><strong>se</strong></span> <span class='ocrx_word' id='word_1_173' title='bbox 974 2040 1031 2079; x_wconf 93' lang='lat' dir='ltr'><strong>non</strong></span> <span class='ocrx_word' id='word_1_174' title='bbox 1051 2030 1147 2079; x_wconf 90' lang='lat' dir='ltr'><strong>conta-</strong></span> 
     </span>
     <span class='ocr_line' id='line_1_23' title="bbox 196 2098 1149 2168; baseline 0.001 -12"><span class='ocrx_word' id='word_1_175' title='bbox 196 2098 348 2167; x_wconf 86' lang='lat' dir='ltr'><strong>minarunt,</strong></span> <span class='ocrx_word' id='word_1_176' title='bbox 363 2099 414 2158; x_wconf 89' lang='lat' dir='ltr'><strong>sed</strong></span> <span class='ocrx_word' id='word_1_177' title='bbox 428 2100 515 2159; x_wconf 89' lang='lat' dir='ltr'><strong>etiam</strong></span> <span class='ocrx_word' id='word_1_178' title='bbox 528 2100 722 2168; x_wconf 75' lang='lat' dir='ltr'><strong>honestarunt,</strong></span> <span class='ocrx_word' id='word_1_179' title='bbox 737 2108 814 2158; x_wconf 88' lang='lat' dir='ltr'><strong>certe</strong></span> <span class='ocrx_word' id='word_1_180' title='bbox 827 2099 982 2158; x_wconf 81' lang='lat' dir='ltr'><strong>verendum</strong></span> <span class='ocrx_word' id='word_1_181' title='bbox 1003 2101 1071 2158; x_wconf 90' lang='lat' dir='ltr'><strong>mihi</strong></span> <span class='ocrx_word' id='word_1_182' title='bbox 1091 2119 1149 2158; x_wconf 93' lang='lat' dir='ltr'><strong>non</strong></span> 
     </span>
     <span class='ocr_line' id='line_1_24' title="bbox 196 2170 1148 2256; baseline 0.004 -22"><span class='ocrx_word' id='word_1_183' title='bbox 196 2183 268 2245; x_wconf 86' lang='lat' dir='ltr'><strong>erat,</strong></span> <span class='ocrx_word' id='word_1_184' title='bbox 282 2197 318 2235; x_wconf 93' lang='lat' dir='ltr'><strong>ne</strong></span> <span class='ocrx_word' id='word_1_185' title='bbox 330 2180 398 2255; x_wconf 91' lang='lat' dir='ltr'><strong>qnid</strong></span> <span class='ocrx_word' id='word_1_186' title='bbox 411 2180 467 2237; x_wconf 91' lang='lat' dir='ltr'><strong>hoc</strong></span> <span class='ocrx_word' id='word_1_187' title='bbox 481 2178 621 2256; x_wconf 86' lang='lat' dir='ltr'><strong>parricida</strong></span> <span class='ocrx_word' id='word_1_188' title='bbox 634 2180 737 2237; x_wconf 85' lang='lat' dir='ltr'><strong>civium</strong></span> <span class='ocrx_word' id='word_1_189' title='bbox 750 2170 1023 2237; x_wconf 67' lang='lat' dir='ltr'><strong>intersecto&#39;invidiae</strong></span> <span class='ocrx_word' id='word_1_190' title='bbox 1038 2181 1106 2238; x_wconf 89' lang='lat' dir='ltr'><strong>mibi</strong></span> <span class='ocrx_word' id='word_1_191' title='bbox 1119 2181 1148 2239; x_wconf 90' lang='lat' dir='ltr'><strong>in</strong></span> 
     </span>
     <span class='ocr_line' id='line_1_25' title="bbox 196 2244 1147 2335; baseline 0.003 -22"><span class='ocrx_word' id='word_1_192' title='bbox 196 2257 392 2335; x_wconf 72' lang='lat' dir='ltr'><strong>posteritatem</strong></span> <span class='ocrx_word' id='word_1_193' title='bbox 412 2244 593 2317; x_wconf 58' lang='lat' dir='ltr'><strong>redundaret.</strong></span> <span class='ocrx_word' id='word_1_194' title='bbox 647 2258 733 2329; x_wconf 81' lang='lat' dir='ltr'><strong>Quod</strong></span> <span class='ocrx_word' id='word_1_195' title='bbox 757 2259 781 2315; x_wconf 91' lang='lat' dir='ltr'><strong>si</strong></span> <span class='ocrx_word' id='word_1_196' title='bbox 792 2256 848 2315; x_wconf 64' lang='lat' dir='ltr'><strong>&#39;bri&#39;</strong></span> <span class='ocrx_word' id='word_1_197' title='bbox 863 2258 931 2315; x_wconf 88' lang='lat' dir='ltr'><strong>mibi</strong></span> <span class='ocrx_word' id='word_1_198' title='bbox 951 2259 1072 2319; x_wconf 79' lang='lat' dir='ltr'><strong>maxime</strong></span> <span class='ocrx_word' id='word_1_199' title='bbox 1097 2261 1147 2316; x_wconf 90' lang='lat' dir='ltr'><strong>im·</strong></span> 
     </span>
     <span class='ocr_line' id='line_1_26' title="bbox 196 2336 1220 2414; baseline 0.007 -22"><span class='ocrx_word' id='word_1_200' title='bbox 196 2336 344 2414; x_wconf 86' lang='lat' dir='ltr'><strong>penderet,</strong></span> <span class='ocrx_word' id='word_1_201' title='bbox 359 2345 456 2395; x_wconf 87' lang='lat' dir='ltr'><strong>tamen</strong></span> <span class='ocrx_word' id='word_1_202' title='bbox 478 2338 532 2414; x_wconf 80' lang='lat' dir='ltr'><strong>hoc</strong></span> <span class='ocrx_word' id='word_1_203' title='bbox 546 2338 640 2409; x_wconf 75' lang='lat' dir='ltr'><strong>animo</strong></span> <span class='ocrx_word' id='word_1_204' title='bbox 653 2356 767 2414; x_wconf 86' lang='lat' dir='ltr'><strong>semper</strong></span> <span class='ocrx_word' id='word_1_205' title='bbox 786 2337 836 2403; x_wconf 83' lang='lat' dir='ltr'><strong>fui,</strong></span> <span class='ocrx_word' id='word_1_206' title='bbox 852 2347 885 2394; x_wconf 90' lang='lat' dir='ltr'><strong>ut</strong></span> <span class='ocrx_word' id='word_1_207' title='bbox 897 2336 1029 2395; x_wconf 86' lang='lat' dir='ltr'><strong>invidiam</strong></span> <span class='ocrx_word' id='word_1_208' title='bbox 1044 2338 1147 2396; x_wconf 84' lang='lat' dir='ltr'><strong>virtute</strong></span> <span class='ocrx_word' id='word_1_209' title='bbox 1157 2346 1195 2400; x_wconf 77' lang='lat' dir='ltr'><strong>tt</strong></span> <span class='ocrx_word' id='word_1_210' title='bbox 1216 2370 1220 2381; x_wconf 93' lang='lat'>·</span> 
     </span>
     <span class='ocr_line' id='line_1_27' title="bbox 195 2415 1148 2494; baseline 0.003 -22"><span class='ocrx_word' id='word_1_211' title='bbox 195 2423 311 2494; x_wconf 87' lang='lat' dir='ltr'><strong>partam</strong></span> <span class='ocrx_word' id='word_1_212' title='bbox 330 2415 458 2494; x_wconf 85' lang='lat' dir='ltr'><strong>gloriam,</strong></span> <span class='ocrx_word' id='word_1_213' title='bbox 483 2435 540 2474; x_wconf 92' lang='lat' dir='ltr'><strong>non</strong></span> <span class='ocrx_word' id='word_1_214' title='bbox 563 2417 696 2474; x_wconf 81' lang='lat' dir='ltr'><strong>iuvidiam</strong></span> <span class='ocrx_word' id='word_1_215' title='bbox 716 2424 857 2494; x_wconf 90' lang='lat' dir='ltr'><strong>putarem.</strong></span> <span class='ocrx_word' id='word_1_216' title='bbox 899 2422 946 2475; x_wconf 76' lang='lat'><strong>30.</strong></span> <span class='ocrx_word' id='word_1_217' title='bbox 968 2418 1148 2494; x_wconf 78' lang='lat' dir='ltr'><strong>Quamquam</strong></span> 
     </span>
     <span class='ocr_line' id='line_1_28' title="bbox 193 2494 1149 2573; baseline 0.001 -21"><span class='ocrx_word' id='word_1_218' title='bbox 193 2494 322 2552; x_wconf 88' lang='lat' dir='ltr'><strong>nonnulli</strong></span> <span class='ocrx_word' id='word_1_219' title='bbox 335 2504 400 2553; x_wconf 90' lang='lat' dir='ltr'><strong>sunt</strong></span> <span class='ocrx_word' id='word_1_220' title='bbox 413 2496 443 2554; x_wconf 94' lang='lat' dir='ltr'><strong>in</strong></span> <span class='ocrx_word' id='word_1_221' title='bbox 462 2496 518 2554; x_wconf 90' lang='lat' dir='ltr'><strong>boc</strong></span> <span class='ocrx_word' id='word_1_222' title='bbox 531 2495 639 2564; x_wconf 89' lang='lat' dir='ltr'><strong>ordine,</strong></span> <span class='ocrx_word' id='word_1_223' title='bbox 653 2496 702 2572; x_wconf 89' lang='lat' dir='ltr'><strong>qui</strong></span> <span class='ocrx_word' id='word_1_224' title='bbox 722 2503 773 2553; x_wconf 86' lang='lat' dir='ltr'><strong>aut</strong></span> <span class='ocrx_word' id='word_1_225' title='bbox 786 2513 829 2563; x_wconf 91' lang='lat' dir='ltr'><strong>ea,</strong></span> <span class='ocrx_word' id='word_1_226' title='bbox 844 2515 909 2573; x_wconf 80' lang='lat' dir='ltr'><strong>quae</strong></span> <span class='ocrx_word' id='word_1_227' title='bbox 924 2496 1076 2563; x_wconf 78' lang='lat' dir='ltr'><strong>imminent,</strong></span> <span class='ocrx_word' id='word_1_228' title='bbox 1092 2514 1149 2553; x_wconf 90' lang='lat' dir='ltr'><strong>non</strong></span> 
     </span>
     <span class='ocr_line' id='line_1_29' title="bbox 193 2573 1147 2657; baseline 0.001 -26"><span class='ocrx_word' id='word_1_229' title='bbox 193 2573 319 2657; x_wconf 44' lang='grc' dir='ltr'><strong>Ἆρες-ιιι,</strong></span> <span class='ocrx_word' id='word_1_230' title='bbox 334 2583 384 2632; x_wconf 87' lang='lat' dir='ltr'><strong>aut</strong></span> <span class='ocrx_word' id='word_1_231' title='bbox 397 2594 439 2643; x_wconf 88' lang='lat' dir='ltr'><strong>ea,</strong></span> <span class='ocrx_word' id='word_1_232' title='bbox 451 2594 516 2652; x_wconf 81' lang='lat' dir='ltr'><strong>quae</strong></span> <span class='ocrx_word' id='word_1_233' title='bbox 527 2575 630 2642; x_wconf 84' lang='lat' dir='ltr'><strong>rident,</strong></span> <span class='ocrx_word' id='word_1_234' title='bbox 645 2575 839 2633; x_wconf 89' lang='lat' dir='ltr'><strong>dissimulent:</strong></span> <span class='ocrx_word' id='word_1_235' title='bbox 860 2576 908 2653; x_wconf 92' lang='lat' dir='ltr'><strong>qui</strong></span> <span class='ocrx_word' id='word_1_236' title='bbox 921 2595 1003 2653; x_wconf 90' lang='lat' dir='ltr'><strong>spem</strong></span> <span class='ocrx_word' id='word_1_237' title='bbox 1017 2575 1147 2633; x_wconf 84' lang='lat' dir='ltr'><strong>Catilinae</strong></span> 
     </span>
    </p>

    <p class='ocr_par' dir='ltr' id='par_1_5' title="bbox 61 2652 1195 3739">
     <span class='ocr_line' id='line_1_30' title="bbox 149 2652 1147 2732; baseline -0.001 -22"><span class='ocrx_word' id='word_1_238' title='bbox 149 2708 160 2723; x_wconf 34' lang='lat' dir='ltr'><strong>q</strong></span> <span class='ocrx_word' id='word_1_239' title='bbox 194 2652 329 2712; x_wconf 91' lang='lat' dir='ltr'><strong>mollibus</strong></span> <span class='ocrx_word' id='word_1_240' title='bbox 349 2654 494 2712; x_wconf 87' lang='lat' dir='ltr'><strong>sententiis</strong></span> <span class='ocrx_word' id='word_1_241' title='bbox 517 2654 656 2722; x_wconf 89' lang='lat' dir='ltr'><strong>aluerunt,</strong></span> <span class='ocrx_word' id='word_1_242' title='bbox 682 2654 961 2732; x_wconf 87' lang='lat' dir='ltr'><strong>conjurationemque</strong></span> <span class='ocrx_word' id='word_1_243' title='bbox 983 2661 1147 2712; x_wconf 88' lang='lat' dir='ltr'><strong>nascentem</strong></span> 
     </span>
     <span class='ocr_line' id='line_1_31' title="bbox 61 2726 1195 2813; baseline 0.004 -24"><span class='ocrx_word' id='word_1_244' title='bbox 61 2726 185 2801; x_wconf 65' lang='grc'><strong>911111</strong></span> <span class='ocrx_word' id='word_1_245' title='bbox 193 2750 253 2789; x_wconf 92' lang='lat' dir='ltr'><strong>non</strong></span> <span class='ocrx_word' id='word_1_246' title='bbox 267 2733 408 2813; x_wconf 65' lang='lat' dir='ltr'><strong>credepdo</strong></span> <span class='ocrx_word' id='word_1_247' title='bbox 422 2733 691 2792; x_wconf 80' lang='lat' dir='ltr'><strong>corroboraverunt:</strong></span> <span class='ocrx_word' id='word_1_248' title='bbox 712 2752 833 2809; x_wconf 90' lang='lat' dir='ltr'><strong>quorum</strong></span> <span class='ocrx_word' id='word_1_249' title='bbox 848 2735 1045 2791; x_wconf 85' lang='lat' dir='ltr'><strong>auctoritatem</strong></span> <span class='ocrx_word' id='word_1_250' title='bbox 1058 2732 1148 2790; x_wconf 88' lang='lat' dir='ltr'><strong>secuti</strong></span> <span class='ocrx_word' id='word_1_251' title='bbox 1156 2740 1195 2794; x_wconf 78' lang='lat'><strong>80</strong></span> 
     </span>
     <span class='ocr_line' id='line_1_32' title="bbox 193 2810 1147 2890; baseline 0 -22"><span class='ocrx_word' id='word_1_252' title='bbox 193 2810 285 2879; x_wconf 90' lang='lat' dir='ltr'><strong>multi,</strong></span> <span class='ocrx_word' id='word_1_253' title='bbox 300 2831 358 2870; x_wconf 92' lang='lat' dir='ltr'><strong>non</strong></span> <span class='ocrx_word' id='word_1_254' title='bbox 371 2812 464 2870; x_wconf 91' lang='lat' dir='ltr'><strong>solum</strong></span> <span class='ocrx_word' id='word_1_255' title='bbox 477 2812 607 2889; x_wconf 89' lang='lat' dir='ltr'><strong>improbi,</strong></span> <span class='ocrx_word' id='word_1_256' title='bbox 621 2812 819 2870; x_wconf 86' lang='lat' dir='ltr'><strong>verumetiam</strong></span> <span class='ocrx_word' id='word_1_257' title='bbox 840 2812 971 2890; x_wconf 88' lang='lat' dir='ltr'><strong>imperiti,</strong></span> <span class='ocrx_word' id='word_1_258' title='bbox 986 2812 1009 2869; x_wconf 92' lang='lat' dir='ltr'><strong>si</strong></span> <span class='ocrx_word' id='word_1_259' title='bbox 1030 2811 1058 2869; x_wconf 90' lang='lat' dir='ltr'><strong>in</strong></span> <span class='ocrx_word' id='word_1_260' title='bbox 1071 2811 1147 2869; x_wconf 91' lang='lat' dir='ltr'><strong>hunc</strong></span> 
     </span>
     <span class='ocr_line' id='line_1_33' title="bbox 194 2890 1145 2970; baseline 0 -24"><span class='ocrx_word' id='word_1_261' title='bbox 194 2890 466 2960; x_wconf 83' lang='lat' dir='ltr'><strong>animadvertissem,</strong></span> <span class='ocrx_word' id='word_1_262' title='bbox 481 2891 634 2950; x_wconf 88' lang='lat' dir='ltr'><strong>crudeliter</strong></span> <span class='ocrx_word' id='word_1_263' title='bbox 647 2899 677 2949; x_wconf 90' lang='lat' dir='ltr'><strong>et</strong></span> <span class='ocrx_word' id='word_1_264' title='bbox 699 2891 776 2970; x_wconf 86' lang='lat' dir='ltr'><strong>regie</strong></span> <span class='ocrx_word' id='word_1_265' title='bbox 799 2891 907 2948; x_wconf 82' lang='lat' dir='ltr'><strong>factum</strong></span> <span class='ocrx_word' id='word_1_266' title='bbox 928 2910 989 2949; x_wconf 92' lang='lat' dir='ltr'><strong>esse</strong></span> <span class='ocrx_word' id='word_1_267' title='bbox 1010 2890 1145 2949; x_wconf 85' lang='lat' dir='ltr'><strong>dicerent.</strong></span> 
     </span>
     <span class='ocr_line' id='line_1_34' title="bbox 194 2969 1146 3049; baseline 0 -23"><span class='ocrx_word' id='word_1_268' title='bbox 194 2969 281 3027; x_wconf 87' lang='lat' dir='ltr'><strong>Nunc</strong></span> <span class='ocrx_word' id='word_1_269' title='bbox 296 2969 432 3049; x_wconf 83' lang='lat' dir='ltr'><strong>intelligo,</strong></span> <span class='ocrx_word' id='word_1_270' title='bbox 447 2971 471 3028; x_wconf 88' lang='lat' dir='ltr'><strong>si</strong></span> <span class='ocrx_word' id='word_1_271' title='bbox 483 2970 545 3038; x_wconf 90' lang='lat' dir='ltr'><strong>iste,</strong></span> <span class='ocrx_word' id='word_1_272' title='bbox 560 2988 618 3048; x_wconf 91' lang='lat' dir='ltr'><strong>quo</strong></span> <span class='ocrx_word' id='word_1_273' title='bbox 631 2971 761 3038; x_wconf 89' lang='lat' dir='ltr'><strong>intendit,</strong></span> <span class='ocrx_word' id='word_1_274' title='bbox 775 2970 803 3028; x_wconf 92' lang='lat' dir='ltr'><strong>in</strong></span> <span class='ocrx_word' id='word_1_275' title='bbox 823 2970 957 3028; x_wconf 86' lang='lat' dir='ltr'><strong>Malliana</strong></span> <span class='ocrx_word' id='word_1_276' title='bbox 971 2979 1062 3028; x_wconf 89' lang='lat' dir='ltr'><strong>castra</strong></span> <span class='ocrx_word' id='word_1_277' title='bbox 1083 2988 1146 3046; x_wconf 90' lang='lat' dir='ltr'><strong>per·</strong></span> 
     </span>
     <span class='ocr_line' id='line_1_35' title="bbox 193 3048 1146 3139; baseline -0.002 -33"><span class='ocrx_word' id='word_1_278' title='bbox 193 3049 312 3139; x_wconf 54' lang='lat' dir='ltr'><strong>uffint,</strong></span> <span class='ocrx_word' id='word_1_279' title='bbox 327 3050 468 3108; x_wconf 90' lang='lat' dir='ltr'><strong>neminem</strong></span> <span class='ocrx_word' id='word_1_280' title='bbox 481 3059 540 3107; x_wconf 91' lang='lat' dir='ltr'><strong>tam</strong></span> <span class='ocrx_word' id='word_1_281' title='bbox 554 3050 674 3107; x_wconf 91' lang='lat' dir='ltr'><strong>stultum</strong></span> <span class='ocrx_word' id='word_1_282' title='bbox 693 3049 762 3125; x_wconf 69' lang='lat' dir='ltr'><strong>fore,</strong></span> <span class='ocrx_word' id='word_1_283' title='bbox 777 3049 825 3127; x_wconf 91' lang='lat' dir='ltr'><strong>qui</strong></span> <span class='ocrx_word' id='word_1_284' title='bbox 839 3068 894 3107; x_wconf 90' lang='lat' dir='ltr'><strong>non</strong></span> <span class='ocrx_word' id='word_1_285' title='bbox 908 3048 1004 3107; x_wconf 85' lang='lat' dir='ltr'><strong>videat</strong></span> <span class='ocrx_word' id='word_1_286' title='bbox 1017 3049 1146 3128; x_wconf 82' lang='lat' dir='ltr'><strong>conjura·</strong></span> 
     </span>
     <span class='ocr_line' id='line_1_36' title="bbox 194 3128 1194 3207; baseline -0.001 -23"><span class='ocrx_word' id='word_1_287' title='bbox 194 3135 302 3205; x_wconf 80' lang='lat' dir='ltr'><strong>tronem</strong></span> <span class='ocrx_word' id='word_1_288' title='bbox 316 3146 379 3186; x_wconf 85' lang='lat' dir='ltr'><strong>esse</strong></span> <span class='ocrx_word' id='word_1_289' title='bbox 400 3129 516 3196; x_wconf 77' lang='lat' dir='ltr'><strong>factam,</strong></span> <span class='ocrx_word' id='word_1_290' title='bbox 529 3129 669 3186; x_wconf 91' lang='lat' dir='ltr'><strong>neminem</strong></span> <span class='ocrx_word' id='word_1_291' title='bbox 690 3136 750 3186; x_wconf 86' lang='lat' dir='ltr'><strong>tam</strong></span> <span class='ocrx_word' id='word_1_292' title='bbox 771 3130 942 3204; x_wconf 90' lang='lat' dir='ltr'><strong>improbum,</strong></span> <span class='ocrx_word' id='word_1_293' title='bbox 957 3129 1006 3207; x_wconf 94' lang='lat' dir='ltr'><strong>qui</strong></span> <span class='ocrx_word' id='word_1_294' title='bbox 1028 3146 1085 3184; x_wconf 90' lang='lat' dir='ltr'><strong>non</strong></span> <span class='ocrx_word' id='word_1_295' title='bbox 1106 3128 1194 3192; x_wconf 62' lang='lat' dir='ltr'><strong>sues</strong></span> 
     </span>
     <span class='ocr_line' id='line_1_37' title="bbox 193 3204 1146 3285; baseline 0.001 -21"><span class='ocrx_word' id='word_1_296' title='bbox 193 3204 303 3266; x_wconf 73' lang='lat' dir='ltr'><strong>tantur:</strong></span> <span class='ocrx_word' id='word_1_297' title='bbox 328 3207 393 3265; x_wconf 92' lang='lat' dir='ltr'><strong>Hoc</strong></span> <span class='ocrx_word' id='word_1_298' title='bbox 406 3216 502 3265; x_wconf 85' lang='lat' dir='ltr'><strong>autem</strong></span> <span class='ocrx_word' id='word_1_299' title='bbox 515 3226 572 3265; x_wconf 90' lang='lat' dir='ltr'><strong>uno</strong></span> <span class='ocrx_word' id='word_1_300' title='bbox 586 3207 735 3266; x_wconf 85' lang='lat' dir='ltr'><strong>interfecto</strong></span> <span class='ocrx_word' id='word_1_301' title='bbox 748 3208 873 3285; x_wconf 85' lang='lat' dir='ltr'><strong>intelligo</strong></span> <span class='ocrx_word' id='word_1_302' title='bbox 886 3208 959 3265; x_wconf 85' lang='lat' dir='ltr'><strong>bunc</strong></span> <span class='ocrx_word' id='word_1_303' title='bbox 970 3208 1009 3265; x_wconf 92' lang='lat' dir='ltr'><strong>rei</strong></span> <span class='ocrx_word' id='word_1_304' title='bbox 1024 3208 1146 3284; x_wconf 82' lang='lat' dir='ltr'><strong>publicae</strong></span> 
     </span>
     <span class='ocr_line' id='line_1_38' title="bbox 194 3284 1147 3377; baseline 0.002 -35"><span class='ocrx_word' id='word_1_305' title='bbox 194 3284 308 3364; x_wconf 81' lang='lat' dir='ltr'><strong>pestem</strong></span> <span class='ocrx_word' id='word_1_306' title='bbox 336 3287 490 3363; x_wconf 85' lang='lat' dir='ltr'><strong>paullisper</strong></span> <span class='ocrx_word' id='word_1_307' title='bbox 515 3284 638 3364; x_wconf 84' lang='lat' dir='ltr'><strong>reprimi,</strong></span> <span class='ocrx_word' id='word_1_308' title='bbox 665 3306 723 3345; x_wconf 90' lang='lat' dir='ltr'><strong>non</strong></span> <span class='ocrx_word' id='word_1_309' title='bbox 749 3287 778 3344; x_wconf 90' lang='lat' dir='ltr'><strong>in</strong></span> <span class='ocrx_word' id='word_1_310' title='bbox 805 3294 975 3365; x_wconf 90' lang='lat' dir='ltr'><strong>perpetuum</strong></span> <span class='ocrx_word' id='word_1_311' title='bbox 999 3286 1147 3377; x_wconf 90' lang='lat' dir='ltr'><strong>comprimi</strong></span> 
     </span>
     <span class='ocr_line' id='line_1_39' title="bbox 195 3365 1148 3443; baseline 0.003 -22"><span class='ocrx_word' id='word_1_312' title='bbox 195 3383 290 3443; x_wconf 90' lang='lat' dir='ltr'><strong>posse.</strong></span> <span class='ocrx_word' id='word_1_313' title='bbox 343 3365 428 3434; x_wconf 81' lang='lat' dir='ltr'><strong>Quod</strong></span> <span class='ocrx_word' id='word_1_314' title='bbox 451 3365 476 3422; x_wconf 87' lang='lat' dir='ltr'><strong>si</strong></span> <span class='ocrx_word' id='word_1_315' title='bbox 497 3384 527 3424; x_wconf 91' lang='lat' dir='ltr'><strong>se</strong></span> <span class='ocrx_word' id='word_1_316' title='bbox 551 3365 665 3443; x_wconf 87' lang='lat' dir='ltr'><strong>ejecerit</strong></span> <span class='ocrx_word' id='word_1_317' title='bbox 689 3384 841 3442; x_wconf 88' lang='lat' dir='ltr'><strong>secumque</strong></span> <span class='ocrx_word' id='word_1_318' title='bbox 865 3384 932 3423; x_wconf 87' lang='lat' dir='ltr'><strong>suos</strong></span> <span class='ocrx_word' id='word_1_319' title='bbox 955 3365 1093 3432; x_wconf 81' lang='lat' dir='ltr'><strong>adurent,</strong></span> <span class='ocrx_word' id='word_1_320' title='bbox 1117 3373 1148 3424; x_wconf 91' lang='lat' dir='ltr'><strong>et</strong></span> 
     </span>
     <span class='ocr_line' id='line_1_40' title="bbox 195 3442 1146 3523; baseline 0 -22"><span class='ocrx_word' id='word_1_321' title='bbox 195 3443 299 3501; x_wconf 91' lang='lat' dir='ltr'><strong>eodem</strong></span> <span class='ocrx_word' id='word_1_322' title='bbox 320 3450 430 3502; x_wconf 91' lang='lat' dir='ltr'><strong>ceteros</strong></span> <span class='ocrx_word' id='word_1_323' title='bbox 451 3442 576 3520; x_wconf 89' lang='lat' dir='ltr'><strong>uirdique</strong></span> <span class='ocrx_word' id='word_1_324' title='bbox 598 3445 732 3503; x_wconf 89' lang='lat' dir='ltr'><strong>collectos</strong></span> <span class='ocrx_word' id='word_1_325' title='bbox 759 3445 913 3521; x_wconf 73' lang='lat' dir='ltr'><strong>namragos</strong></span> <span class='ocrx_word' id='word_1_326' title='bbox 939 3444 1146 3523; x_wconf 81' lang='lat' dir='ltr'><strong>aggregaverit,</strong></span> 
     </span>
     <span class='ocr_line' id='line_1_41' title="bbox 195 3522 1195 3601; baseline 0.006 -21"><span class='ocrx_word' id='word_1_327' title='bbox 195 3522 394 3599; x_wconf 82' lang='lat' dir='ltr'><strong>exstinguetur</strong></span> <span class='ocrx_word' id='word_1_328' title='bbox 411 3528 497 3601; x_wconf 87' lang='lat' dir='ltr'><strong>atque</strong></span> <span class='ocrx_word' id='word_1_329' title='bbox 512 3522 653 3581; x_wconf 88' lang='lat' dir='ltr'><strong>delebitur</strong></span> <span class='ocrx_word' id='word_1_330' title='bbox 664 3542 721 3581; x_wconf 91' lang='lat' dir='ltr'><strong>nou</strong></span> <span class='ocrx_word' id='word_1_331' title='bbox 735 3523 821 3581; x_wconf 92' lang='lat' dir='ltr'><strong>modo</strong></span> <span class='ocrx_word' id='word_1_332' title='bbox 842 3523 907 3580; x_wconf 84' lang='lat' dir='ltr'><strong>haec</strong></span> <span class='ocrx_word' id='word_1_333' title='bbox 921 3530 981 3580; x_wconf 91' lang='lat' dir='ltr'><strong>tam</strong></span> <span class='ocrx_word' id='word_1_334' title='bbox 995 3523 1094 3581; x_wconf 86' lang='lat' dir='ltr'><strong>adulta</strong></span> <span class='ocrx_word' id='word_1_335' title='bbox 1107 3523 1147 3580; x_wconf 92' lang='lat' dir='ltr'><strong>rei</strong></span> <span class='ocrx_word' id='word_1_336' title='bbox 1156 3531 1195 3585; x_wconf 87' lang='grc'><strong>40</strong></span> 
     </span>
     <span class='ocr_line' id='line_1_42' title="bbox 196 3600 1148 3680; baseline 0.001 -22"><span class='ocrx_word' id='word_1_337' title='bbox 196 3600 319 3679; x_wconf 85' lang='lat' dir='ltr'><strong>publicae</strong></span> <span class='ocrx_word' id='word_1_338' title='bbox 343 3603 441 3679; x_wconf 90' lang='lat' dir='ltr'><strong>pestis,</strong></span> <span class='ocrx_word' id='word_1_339' title='bbox 469 3620 569 3660; x_wconf 84' lang='lat' dir='ltr'><strong>verum</strong></span> <span class='ocrx_word' id='word_1_340' title='bbox 598 3601 683 3660; x_wconf 88' lang='lat' dir='ltr'><strong>etiam</strong></span> <span class='ocrx_word' id='word_1_341' title='bbox 710 3603 796 3680; x_wconf 90' lang='lat' dir='ltr'><strong>stirps</strong></span> <span class='ocrx_word' id='word_1_342' title='bbox 823 3619 857 3658; x_wconf 90' lang='lat' dir='ltr'><strong>ac</strong></span> <span class='ocrx_word' id='word_1_343' title='bbox 885 3620 980 3660; x_wconf 92' lang='lat' dir='ltr'><strong>semen</strong></span> <span class='ocrx_word' id='word_1_344' title='bbox 1007 3601 1148 3659; x_wconf 88' lang='lat' dir='ltr'><strong>malorum</strong></span> 
     </span>
     <span class='ocr_line' id='line_1_43' title="bbox 195 3697 507 3739; baseline -0.013 0"><span class='ocrx_word' id='word_1_345' title='bbox 195 3697 329 3739; x_wconf 83' lang='lat' dir='ltr'><strong>omarum.</strong></span> <span class='ocrx_word' id='word_1_346' title='bbox 505 3706 507 3711; x_wconf 95' lang='lat'>·</span> 
     </span>
    </p>

    <p class='ocr_par' dir='ltr' id='par_1_6' title="bbox 235 3756 1146 3837">
     <span class='ocr_line' id='line_1_44' title="bbox 235 3756 1146 3837; baseline -0.007 -20"><span class='ocrx_word' id='word_1_347' title='bbox 235 3759 320 3817; x_wconf 84' lang='lat' dir='ltr'><strong>XIII.</strong></span> <span class='ocrx_word' id='word_1_348' title='bbox 363 3766 409 3820; x_wconf 87' lang='grc'><strong>31.</strong></span> <span class='ocrx_word' id='word_1_349' title='bbox 431 3759 544 3818; x_wconf 89' lang='lat' dir='ltr'><strong>Etenim</strong></span> <span class='ocrx_word' id='word_1_350' title='bbox 552 3759 671 3837; x_wconf 86' lang='lat' dir='ltr'><strong>jamdiu,</strong></span> <span class='ocrx_word' id='word_1_351' title='bbox 684 3760 786 3817; x_wconf 87' lang='lat' dir='ltr'><strong>Patres</strong></span> <span class='ocrx_word' id='word_1_352' title='bbox 800 3757 959 3835; x_wconf 86' lang='lat' dir='ltr'><strong>conscripti,</strong></span> <span class='ocrx_word' id='word_1_353' title='bbox 973 3759 1002 3816; x_wconf 90' lang='lat' dir='ltr'><strong>in</strong></span> <span class='ocrx_word' id='word_1_354' title='bbox 1015 3759 1059 3815; x_wconf 89' lang='lat' dir='ltr'><strong>his</strong></span> <span class='ocrx_word' id='word_1_355' title='bbox 1072 3756 1146 3834; x_wconf 89' lang='lat' dir='ltr'><strong>peri-</strong></span> 
     </span>
    </p>

    <p class='ocr_par' dir='ltr' id='par_1_7' title="bbox 196 3836 1148 3976">
     <span class='ocr_line' id='line_1_45' title="bbox 196 3836 1148 3916; baseline -0.005 -20"><span class='ocrx_word' id='word_1_356' title='bbox 196 3837 268 3896; x_wconf 91' lang='lat' dir='ltr'><strong>culis</strong></span> <span class='ocrx_word' id='word_1_357' title='bbox 294 3839 493 3916; x_wconf 86' lang='lat' dir='ltr'><strong>conjurationis</strong></span> <span class='ocrx_word' id='word_1_358' title='bbox 520 3837 680 3915; x_wconf 87' lang='lat' dir='ltr'><strong>insidiisque</strong></span> <span class='ocrx_word' id='word_1_359' title='bbox 706 3855 862 3905; x_wconf 83' lang='lat' dir='ltr'><strong>versamur,</strong></span> <span class='ocrx_word' id='word_1_360' title='bbox 890 3837 942 3896; x_wconf 91' lang='lat' dir='ltr'><strong>sed</strong></span> <span class='ocrx_word' id='word_1_361' title='bbox 968 3836 1063 3895; x_wconf 86' lang='lat' dir='ltr'><strong>nescio</strong></span> <span class='ocrx_word' id='word_1_362' title='bbox 1089 3851 1148 3911; x_wconf 92' lang='lat' dir='ltr'><strong>quo</strong></span> 
     </span>
     <span class='ocr_line' id='line_1_46' title="bbox 654 3917 691 3976; baseline 0 -25"><span class='ocrx_word' id='word_1_363' title='bbox 654 3917 691 3976; x_wconf 73' lang='lat'><strong>2*</strong></span> 
     </span>
    </p>
   </div>
   <div class='ocr_carea' id='block_1_3' title="bbox 0 0 1376 4384">
    <p class='ocr_par' dir='ltr' id='par_1_8' title="bbox 0 0 1376 4384">
     <span class='ocr_line' id='line_1_47' title="bbox 0 0 1376 4384; baseline 0 3"><span class='ocrx_word' id='word_1_364' title='bbox 0 0 1376 4384; x_wconf 95' lang='lat' dir='ltr'><strong> </strong></span> 
     </span>
    </p>
   </div>
  </div>
 </body>
</html>
