2742 4384
281 277 347 318 rao
360 279 389 319 r.
407 278 524 318 anano
541 277 666 326 intona,
681 279 748 318 cen.
763 280 822 329 xvi,
837 279 909 320 κη
1083 266 1140 325 110

116 402 231 473 liberine
252 426 306 464 voe
331 414 366 464 et
389 426 509 465 omnes
536 407 607 465 boni
620 415 687 464 vota
710 407 847 473 laceretis,
872 418 905 466 nt
928 407 1024 467 Mlloni
1047 409 1089 469 uli

115 485 205 542 virtute
218 505 272 543 eua
286 486 425 544 liberet?

147 564 221 621 XVI.
244 566 343 632 Quem
358 563 461 642 igitur
477 583 555 621 enm
569 564 692 620 omniurn
703 564 794 641 gratia
809 564 905 629 noluit
916 566 991 623 huno
1000 566 1089 625 voluit

115 660 170 698 enm
192 643 360 720 aliquorum
391 642 552 719 querela?
584 660 667 718 quem
694 642 765 719 jure,
794 661 879 719 quem
908 643 978 710 loeo,
1002 663 1087 721 quem

115 725 239 796 tempore,
254 740 349 798 quem
369 721 510 797 impune
525 739 582 776 non
601 729 645 776 eat
666 739 760 785 auena,
776 721 850 777 hune
870 722 978 799 injuria,
993 722 1087 800 iniquo
1100 739 1118 791 5

114 796 176 864 loeo,
191 801 283 857 alieno
308 809 471 876 tempore,
498 798 627 875 periculo
649 799 749 875 capitis
773 817 828 855 non
852 800 992 858 dubitavit
1014 801 1085 859 ocei-

114 876 194 934 derel
226 883 275 935 42.
311 878 510 954 praeeertim,
534 876 652 953 judiees,
677 895 765 952 quum
789 877 901 935 honoris
922 880 1086 957 amplissimi

114 958 246 1015 eontentio
260 967 293 1015 et
307 957 377 1014 dies
391 955 588 1013 comitiorum
601 956 747 1021 eubeeeet;
764 974 822 1031 quo
831 957 945 1032 quidem
959 968 1086 1035 tempore

114 1030 177 1109 (seio
199 1037 287 1101 enim,
313 1054 415 1111 quam
444 1033 552 1091 timida
574 1032 610 1090 eit
634 1033 749 1091 ambitio
768 1046 930 1111 quantaque
951 1045 981 1093 et
1000 1056 1085 1113 quam

113 1112 223 1170 sollicita
247 1113 287 1171 eit
309 1113 476 1190 cupiditas
502 1111 687 1188 consulatue),
712 1113 804 1169 omnia
827 1131 882 1169 non
904 1113 997 1181 modo,
1018 1134 1084 1192 queo
1100 1126 1137 1179 10

113 1193 279 1265 reprehendi
294 1193 415 1269 palam,
433 1189 490 1247 sed
515 1189 597 1245 etiem
610 1209 675 1265 quae
691 1190 809 1248 obscure
823 1191 939 1269 cogitari
958 1204 1083 1269 possunt,

114 1267 251 1337 timemus,
266 1289 444 1336 rumorem,
466 1267 596 1325 fabulam
609 1269 714 1334 fictam,
729 1268 819 1325 levem
840 1271 1085 1346 perhorrescimus,

115 1364 158 1402 ora
177 1351 311 1407 omnium
335 1356 436 1425 atque
460 1346 559 1403 oculos
577 1346 727 1404 intuemur.
769 1347 846 1405 Nihil
869 1358 913 1406 est
934 1349 1007 1406 enim
1027 1360 1085 1407 tam

115 1427 200 1494 molle,
227 1436 293 1485 tem
318 1436 478 1491 tenerum,
503 1431 561 1481 tam
584 1434 635 1483 ant
657 1425 757 1503 fragile
781 1436 831 1483 aut
856 1427 975 1485 flexibile
998 1447 1084 1505 quam

115 1505 241 1563 roluntae
256 1526 336 1585 erga
357 1524 418 1563 noe
434 1522 593 1579 sensusque
607 1503 717 1571 civium,
733 1503 780 1581 qui
803 1524 859 1562 non
872 1506 958 1564 modo
981 1506 1083 1584 impro
1099 1518 1135 1571 15

117 1578 191 1640 bitati
213 1586 396 1643 irascuntur
420 1580 650 1648 candidatorum,
666 1582 717 1640 sed
741 1583 826 1640 etiam
848 1584 876 1641 in
903 1594 978 1643 recte
1001 1585 1084 1642 sactis

118 1677 188 1738 sepe
211 1663 386 1722 fastidiunt.
434 1666 485 1717 43.
511 1658 594 1718 Hune
617 1660 705 1739 igitur
727 1661 802 1719 diem
827 1663 918 1739 campi
939 1676 1085 1739 speratum

118 1747 199 1815 atque
223 1751 414 1820 exoptatum
436 1738 491 1797 eibi
515 1756 672 1815 proponens
700 1739 776 1805 Milo,
802 1742 924 1797 cruentis
947 1742 1084 1807 manibus,

120 1819 208 1876 scelus
221 1829 254 1878 et
275 1822 401 1879 facinus
416 1835 524 1894 praese
540 1816 674 1875 fereneet
697 1819 833 1874 confitens
846 1818 883 1874 ad
903 1817 950 1875 illa
963 1837 998 1874 au
1056 1828 1086 1874 la
1169 1808 1180 1827 '

120 1899 317 1957 centuriarum
345 1895 481 1973 auspicia
502 1895 651 1953 veniebat?
693 1897 785 1965 Quam
806 1895 860 1953 hoc
878 1915 933 1953 non
953 1838 1085 1953 cmdiudile
1098 1910 1136 1964 20

113 1972 146 2052 ‚in
157 1975 229 2035 hoe!
252 1997 350 2054 quam
365 1974 448 2032 idem
461 1974 490 2030 in
504 1973 603 2031 Clodio
615 1992 671 2032 non
685 1974 883 2040 dubitandum,
897 1974 987 2050 quiae
1000 1974 1084 2031 inter-

121 2051 194 2110 iecto
207 2056 326 2114 Milone
340 2059 531 2130 regnaturum
556 2053 684 2129 puteretl
724 2053 823 2120 Quid?
843 2053 920 2128 quod
934 2060 1021 2130 caput
1040 2059 1086 2112 eet

123 2126 292 2213 [audaciae]‚
307 2132 434 2211 judiees,
449 2131 513 2207 quie
532 2131 651 2209 ignorat,
671 2132 823 2188 maximam
842 2132 1002 2189 illecebram
1022 2151 1083 2190 esse

124 2214 263 2283 peccandi
288 2208 473 2287 impunitatis
486 2210 590 2286 apem?
632 2211 666 2266 In
686 2218 751 2267 ntro
774 2210 860 2288 igitur
879 2211 940 2268 haeo
959 2211 1035 2269 fuit?
1055 2211 1083 2268 in

123 2285 238 2358 Milone,
254 2291 313 2367 qui
327 2288 414 2346 etiam
428 2306 503 2345 nuno
516 2307 580 2345 reus
594 2296 638 2345 eet
658 2288 725 2345 faeti
738 2298 788 2345 aut
804 2290 932 2365 praeolari
946 2299 996 2347 aut
1006 2298 1083 2346 certe
1097 2302 1134 2355 25

124 2370 290 2435 necessarii,
306 2386 344 2424 en
355 2367 385 2423 in
400 2365 508 2432 Clodio,
522 2367 623 2442 quiite
642 2366 748 2442 judicia
768 2386 938 2444 poenamque
959 2378 1083 2425 contem·

126 2456 232 2518 peerat,
247 2454 290 2504 ut
314 2463 382 2502 enm
402 2444 470 2500 nihil
491 2444 652 2512 delectaret,
667 2445 745 2521 quod
758 2456 808 2502 aut
829 2464 880 2523 per
897 2454 1027 2503 naturam
1040 2446 1084 2504 lae

128 2531 202 2582 esset
216 2532 276 2582 aut
289 2542 343 2600 per
352 2523 431 2599 leges
445 2523 562 2581 liceret?
592 2528 637 2580 44.
660 2523 719 2580 Sed
733 2524 799 2600 quid
813 2543 868 2602 ego
881 2526 1082 2602 argumentor?

130 2602 198 2676 quid
223 2603 317 2680 plura
339 2600 477 2677 disputo?
517 2601 557 2659 Te
578 2602 612 2671 Q,
634 2602 725 2668 Petili,
748 2603 871 2680 appello,
893 2604 1030 2680 optimum
1054 2611 1084 2663 et

132 2679 323 2739 fortissimum
344 2680 449 2747 eivem3
470 2686 507 2747 te,
522 2679 561 2737 M.
577 2675 658 2747 Cato,
680 2687 785 2747 teetor;
805 2701 877 2757 quoe
900 2681 967 2738 mihi
991 2682 1083 2740 divina
1096 2694 1135 2747 30

133 2761 270 2833 quaedem
284 2777 347 2815 sore
363 2757 443 2815 dedit
464 2758 580 2835 judiees.
622 2759 683 2816 Vos
704 2778 739 2816 ex
759 2760 798 2816 M.
820 2760 943 2816 Favonio
956 2760 1083 2829 audistis,

135 2836 272 2895 Clodium
297 2836 351 2894 eibi
377 2836 488 2903 dixisse,
513 2846 542 2894 et
568 2837 685 2895 audietis
709 2837 773 2895 viro
797 2838 904 2903 clodio,
929 2839 1084 2915 periturum

134 2913 274 2973 Milonem
297 2914 402 2972 triduo.
443 2915 513 2972 Post
534 2916 609 2974 diem
629 2916 743 2973 tertium
764 2924 846 2993 gesta
867 2935 912 2974 ree
925 2925 977 2984 est,
999 2936 1085 2993 quam

135 2993 257 3051 dixerat.
300 2993 395 3061 Quum
419 2992 466 3050 ille
485 3012 540 3050 non
559 2994 694 3052 dubitarit
716 2995 832 3072 aperire,
847 2995 915 3072 quid
937 2996 1083 3074 cogitaret,

136 3091 190 3130 vos
203 3071 324 3149 potestis
338 3071 476 3139 dubitare,
490 3072 556 3147 quid
572 3072 692 3130 lecerit?
1097 3084 1135 3138 35

178 3150 276 3208 XVII.
294 3214 298 3219 ,
313 3155 360 3208 45.
383 3149 628 3217 Quemadmodum
642 3151 729 3229 igitur
742 3169 806 3207 eum
820 3151 881 3208 dies
895 3169 950 3208 non
963 3151 1083 3208 fefellit?

138 3229 205 3286 Dixi
227 3228 361 3306 equidem
384 3228 477 3286 modo.
518 3229 671 3286 Dictatoris
695 3229 831 3287 Lanuvini
854 3238 928 3286 stata
950 3229 1085 3287 sacrificia

138 3326 221 3365 nosse
240 3306 350 3384 negotii
372 3306 442 3363 nihil
461 3315 529 3364 erat,
570 3308 658 3373 Vidit,
672 3325 787 3364 necesse
808 3326 869 3364 esse
893 3308 997 3373 Miloni,
1019 3327 1084 3383 pro-

139 3385 224 3443 ficisci
248 3385 408 3442 Lanuvium
421 3383 469 3442 illo
482 3385 552 3462 ipso,
568 3404 624 3462 quo
644 3393 688 3443 est
712 3386 864 3461 profectus,
887 3386 940 3444 die.
982 3387 1083 3460 Itaque

27 3496 28 3509 ,
139 3465 298 3522 antevertit.
331 3464 375 3520 At
389 3481 444 3538 quo
459 3463 524 3521 die?
554 3464 626 3532 Quo,
641 3471 753 3520 utente
768 3463 832 3530 dixi,
847 3464 900 3521 fuit
913 3463 1136 3524 insanissimam

140 3543 243 3609 ooneio,
259 3543 298 3599 eb
312 3541 401 3618 ipsius
414 3543 583 3599 mercenario
594 3543 705 3599 tribuno
719 3542 809 3618 plebis
823 3543 979 3608 eoncitata;
999 3560 1085 3617 quern

139 3620 211 3678 diem
220 3622 278 3687 ille,
291 3638 378 3697 quem
394 3621 561 3688 concionem,
573 3639 644 3698 quos
655 3621 799 3685 elamoree,
814 3621 865 3677 nisi
878 3621 916 3677 nd
930 3620 1085 3697 cogitatum

136 3700 244 3758 facinus
270 3705 484 3775 approperaret,
508 3717 652 3775 nunquam
675 3697 840 3773 reliquisset.
888 3699 965 3776 Ergo
986 3697 1025 3754 illi
1049 3715 1085 3752 ne

135 3797 221 3837 carrea
245 3776 366 3855 quidem
387 3776 500 3845 itineris,
522 3777 606 3834 etiam
628 3794 714 3834 cauea
736 3778 883 3845 menendi;
907 3775 1004 3834 Miloni
1026 3792 1084 3830 ma·
