<?xml version="1.0" encoding="UTF-8"?>
<!DOCTYPE html PUBLIC "-//W3C//DTD XHTML 1.0 Transitional//EN"
    "http://www.w3.org/TR/xhtml1/DTD/xhtml1-transitional.dtd">
<html xmlns="http://www.w3.org/1999/xhtml" xml:lang="en" lang="en">
 <head>
  <title>
</title>
<meta http-equiv="Content-Type" content="text/html;charset=utf-8" />
  <meta name='ocr-system' content='tesseract 3.04.00' />
  <meta name='ocr-capabilities' content='ocr_page ocr_carea ocr_par ocr_line ocrx_word'/>
</head>
<body>
  <div class='ocr_page' id='page_1' title='image "./selectorationsm03cicegoog_0120.png"; bbox 0 0 2742 4384; ppageno 0'>
   <div class='ocr_carea' id='block_1_1' title="bbox 227 262 801 318">
    <p class='ocr_par' dir='ltr' id='par_1_1' title="bbox 227 262 801 318">
     <span class='ocr_line' id='line_1_1' title="bbox 227 262 801 318; baseline 0 -1"><span class='ocrx_word' id='word_1_1' title='bbox 227 262 285 317; x_wconf 83' lang='lat'>114</span> <span class='ocrx_word' id='word_1_2' title='bbox 694 278 801 318; x_wconf 75' lang='lat' dir='ltr'>ossum</span> 
     </span>
    </p>
   </div>
   <div class='ocr_carea' id='block_1_2' title="bbox 206 404 1219 3855">
    <p class='ocr_par' dir='ltr' id='par_1_2' title="bbox 206 404 1219 3855">
     <span class='ocr_line' id='line_1_2' title="bbox 274 404 1218 474; baseline 0.002 -11"><span class='ocrx_word' id='word_1_3' title='bbox 274 425 347 471; x_wconf 91' lang='lat' dir='ltr'>mus,</span> <span class='ocrx_word' id='word_1_4' title='bbox 363 406 545 464; x_wconf 87' lang='lat' dir='ltr'>fortissimum</span> <span class='ocrx_word' id='word_1_5' title='bbox 566 407 664 474; x_wconf 87' lang='lat' dir='ltr'>virum,</span> <span class='ocrx_word' id='word_1_6' title='bbox 684 407 901 464; x_wconf 88' lang='lat' dir='ltr'>inimicissimum</span> <span class='ocrx_word' id='word_1_7' title='bbox 921 426 1013 472; x_wconf 90' lang='lat' dir='ltr'>suum,</span> <span class='ocrx_word' id='word_1_8' title='bbox 1033 404 1218 465; x_wconf 88' lang='lat' dir='ltr'>certissimum</span> 
     </span>
     <span class='ocr_line' id='line_1_3' title="bbox 275 484 1218 561; baseline 0.001 -20"><span class='ocrx_word' id='word_1_9' title='bbox 275 484 426 551; x_wconf 91' lang='lat' dir='ltr'>consulem,</span> <span class='ocrx_word' id='word_1_10' title='bbox 441 485 525 561; x_wconf 92' lang='lat' dir='ltr'>idque</span> <span class='ocrx_word' id='word_1_11' title='bbox 539 486 674 543; x_wconf 78' lang='lat' dir='ltr'>intellexit</span> <span class='ocrx_word' id='word_1_12' title='bbox 695 505 751 542; x_wconf 91' lang='lat' dir='ltr'>non</span> <span class='ocrx_word' id='word_1_13' title='bbox 764 486 855 542; x_wconf 91' lang='lat' dir='ltr'>solum</span> <span class='ocrx_word' id='word_1_14' title='bbox 869 485 1051 551; x_wconf 80' lang='lat' dir='ltr'>sermonibus,</span> <span class='ocrx_word' id='word_1_15' title='bbox 1067 484 1118 541; x_wconf 88' lang='lat' dir='ltr'>sed</span> <span class='ocrx_word' id='word_1_16' title='bbox 1132 485 1218 542; x_wconf 88' lang='lat' dir='ltr'>etiam</span> 
     </span>
     <span class='ocr_line' id='line_1_4' title="bbox 274 563 1219 641; baseline -0.001 -21"><span class='ocrx_word' id='word_1_17' title='bbox 274 563 413 640; x_wconf 85' lang='lat' dir='ltr'>suffragiis</span> <span class='ocrx_word' id='word_1_18' title='bbox 427 564 525 641; x_wconf 92' lang='lat' dir='ltr'>populi</span> <span class='ocrx_word' id='word_1_19' title='bbox 539 565 658 620; x_wconf 88' lang='lat' dir='ltr'>Romani</span> <span class='ocrx_word' id='word_1_20' title='bbox 671 583 747 639; x_wconf 86' lang='lat' dir='ltr'>saepe</span> <span class='ocrx_word' id='word_1_21' title='bbox 756 583 818 620; x_wconf 87' lang='lat' dir='ltr'>esse</span> <span class='ocrx_word' id='word_1_22' title='bbox 829 564 1012 630; x_wconf 85' lang='lat' dir='ltr'>declaratum,</span> <span class='ocrx_word' id='word_1_23' title='bbox 1027 563 1122 640; x_wconf 86' lang='lat' dir='ltr'>palam</span> <span class='ocrx_word' id='word_1_24' title='bbox 1132 581 1219 640; x_wconf 85' lang='lat' dir='ltr'>agere</span> 
     </span>
     <span class='ocr_line' id='line_1_5' title="bbox 274 641 1218 720; baseline -0.001 -22"><span class='ocrx_word' id='word_1_25' title='bbox 274 641 362 717; x_wconf 90' lang='lat' dir='ltr'>ooepit</span> <span class='ocrx_word' id='word_1_26' title='bbox 382 649 411 698; x_wconf 92' lang='lat' dir='ltr'>et</span> <span class='ocrx_word' id='word_1_27' title='bbox 428 650 525 720; x_wconf 86' lang='lat' dir='ltr'>aperte</span> <span class='ocrx_word' id='word_1_28' title='bbox 547 643 648 708; x_wconf 82' lang='lat' dir='ltr'>dicere,</span> <span class='ocrx_word' id='word_1_29' title='bbox 664 642 848 700; x_wconf 88' lang='lat' dir='ltr'>occidendum</span> <span class='ocrx_word' id='word_1_30' title='bbox 862 641 1004 698; x_wconf 88' lang='lat' dir='ltr'>Milonem.</span> <span class='ocrx_word' id='word_1_31' title='bbox 1047 647 1093 699; x_wconf 82' lang='lat'>26.</span> <span class='ocrx_word' id='word_1_32' title='bbox 1115 641 1218 698; x_wconf 83' lang='lat' dir='ltr'>Servos</span> 
     </span>
     <span class='ocr_line' id='line_1_6' title="bbox 242 718 1217 797; baseline 0 -22"><span class='ocrx_word' id='word_1_33' title='bbox 242 727 400 796; x_wconf 83' lang='lat' dir='ltr'>5agrestes</span> <span class='ocrx_word' id='word_1_34' title='bbox 424 730 453 778; x_wconf 91' lang='lat' dir='ltr'>et</span> <span class='ocrx_word' id='word_1_35' title='bbox 476 722 618 786; x_wconf 87' lang='lat' dir='ltr'>barbaros,</span> <span class='ocrx_word' id='word_1_36' title='bbox 642 721 745 796; x_wconf 88' lang='lat' dir='ltr'>quibus</span> <span class='ocrx_word' id='word_1_37' title='bbox 767 720 850 776; x_wconf 83' lang='lat' dir='ltr'>silvas</span> <span class='ocrx_word' id='word_1_38' title='bbox 874 720 1003 797; x_wconf 85' lang='lat' dir='ltr'>publicas</span> <span class='ocrx_word' id='word_1_39' title='bbox 1027 718 1217 797; x_wconf 85' lang='lat' dir='ltr'>depopulatus</span> 
     </span>
     <span class='ocr_line' id='line_1_7' title="bbox 273 798 1217 875; baseline -0.001 -21"><span class='ocrx_word' id='word_1_40' title='bbox 273 805 334 854; x_wconf 84' lang='lat' dir='ltr'>erat</span> <span class='ocrx_word' id='word_1_41' title='bbox 358 798 553 875; x_wconf 76' lang='lat' dir='ltr'>Etruriamque</span> <span class='ocrx_word' id='word_1_42' title='bbox 576 808 699 866; x_wconf 83' lang='lat' dir='ltr'>vexarat,</span> <span class='ocrx_word' id='word_1_43' title='bbox 725 818 760 855; x_wconf 83' lang='lat' dir='ltr'>ex</span> <span class='ocrx_word' id='word_1_44' title='bbox 781 799 932 874; x_wconf 87' lang='lat' dir='ltr'>Apennino</span> <span class='ocrx_word' id='word_1_45' title='bbox 955 798 1121 863; x_wconf 83' lang='lat' dir='ltr'>deduxerat,</span> <span class='ocrx_word' id='word_1_46' title='bbox 1145 816 1217 873; x_wconf 86' lang='lat' dir='ltr'>quos</span> 
     </span>
     <span class='ocr_line' id='line_1_8' title="bbox 272 875 1217 935; baseline -0.001 -3"><span class='ocrx_word' id='word_1_47' title='bbox 272 876 417 935; x_wconf 82' lang='lat' dir='ltr'>videbatis.</span> <span class='ocrx_word' id='word_1_48' title='bbox 460 879 517 934; x_wconf 84' lang='lat' dir='ltr'>Res</span> <span class='ocrx_word' id='word_1_49' title='bbox 539 886 599 934; x_wconf 89' lang='lat' dir='ltr'>erat</span> <span class='ocrx_word' id='word_1_50' title='bbox 618 878 730 934; x_wconf 90' lang='lat' dir='ltr'>minime</span> <span class='ocrx_word' id='word_1_51' title='bbox 754 877 882 934; x_wconf 85' lang='lat' dir='ltr'>obscura.</span> <span class='ocrx_word' id='word_1_52' title='bbox 931 876 1042 933; x_wconf 84' lang='lat' dir='ltr'>Etenim</span> <span class='ocrx_word' id='word_1_53' title='bbox 1067 875 1217 934; x_wconf 78' lang='lat' dir='ltr'>dictitabat</span> 
     </span>
     <span class='ocr_line' id='line_1_9' title="bbox 273 952 1215 1033; baseline 0 -23"><span class='ocrx_word' id='word_1_54' title='bbox 273 956 376 1030; x_wconf 85' lang='lat' dir='ltr'>palam,</span> <span class='ocrx_word' id='word_1_55' title='bbox 401 958 578 1013; x_wconf 87' lang='lat' dir='ltr'>consulatum</span> <span class='ocrx_word' id='word_1_56' title='bbox 601 956 670 1033; x_wconf 84' lang='lat' dir='ltr'>eripi</span> <span class='ocrx_word' id='word_1_57' title='bbox 694 955 790 1012; x_wconf 88' lang='lat' dir='ltr'>Miloni</span> <span class='ocrx_word' id='word_1_58' title='bbox 812 973 867 1011; x_wconf 90' lang='lat' dir='ltr'>non</span> <span class='ocrx_word' id='word_1_59' title='bbox 894 952 987 1031; x_wconf 87' lang='lat' dir='ltr'>posse,</span> <span class='ocrx_word' id='word_1_60' title='bbox 1012 955 1099 1011; x_wconf 87' lang='lat' dir='ltr'>vitam</span> <span class='ocrx_word' id='word_1_61' title='bbox 1123 972 1215 1031; x_wconf 89' lang='lat' dir='ltr'>posse.</span> 
     </span>
     <span class='ocr_line' id='line_1_10' title="bbox 273 1031 1217 1110; baseline 0 -21"><span class='ocrx_word' id='word_1_62' title='bbox 273 1033 445 1110; x_wconf 82' lang='lat' dir='ltr'>Significavit</span> <span class='ocrx_word' id='word_1_63' title='bbox 464 1037 517 1092; x_wconf 90' lang='lat' dir='ltr'>hoc</span> <span class='ocrx_word' id='word_1_64' title='bbox 540 1054 619 1110; x_wconf 85' lang='lat' dir='ltr'>saepe</span> <span class='ocrx_word' id='word_1_65' title='bbox 638 1035 665 1090; x_wconf 93' lang='lat' dir='ltr'>in</span> <span class='ocrx_word' id='word_1_66' title='bbox 690 1042 806 1099; x_wconf 87' lang='lat' dir='ltr'>senatu;</span> <span class='ocrx_word' id='word_1_67' title='bbox 830 1033 900 1090; x_wconf 82' lang='lat' dir='ltr'>dixit</span> <span class='ocrx_word' id='word_1_68' title='bbox 923 1033 952 1089; x_wconf 91' lang='lat' dir='ltr'>in</span> <span class='ocrx_word' id='word_1_69' title='bbox 970 1033 1120 1099; x_wconf 86' lang='lat' dir='ltr'>concione;</span> <span class='ocrx_word' id='word_1_70' title='bbox 1150 1031 1217 1108; x_wconf 88' lang='lat' dir='ltr'>quin</span> 
     </span>
     <span class='ocr_line' id='line_1_11' title="bbox 222 1112 1216 1187; baseline -0.001 -19"><span class='ocrx_word' id='word_1_71' title='bbox 222 1122 259 1174; x_wconf 92' lang='lat'>10</span> <span class='ocrx_word' id='word_1_72' title='bbox 273 1113 356 1169; x_wconf 87' lang='lat' dir='ltr'>etiam</span> <span class='ocrx_word' id='word_1_73' title='bbox 372 1114 411 1170; x_wconf 87' lang='lat' dir='ltr'>M.</span> <span class='ocrx_word' id='word_1_74' title='bbox 433 1114 564 1179; x_wconf 86' lang='lat' dir='ltr'>Favonio,</span> <span class='ocrx_word' id='word_1_75' title='bbox 579 1113 731 1169; x_wconf 85' lang='lat' dir='ltr'>fortissimo</span> <span class='ocrx_word' id='word_1_76' title='bbox 749 1112 817 1179; x_wconf 88' lang='lat' dir='ltr'>viro,</span> <span class='ocrx_word' id='word_1_77' title='bbox 832 1112 968 1187; x_wconf 82' lang='lat' dir='ltr'>quaerenti</span> <span class='ocrx_word' id='word_1_78' title='bbox 987 1130 1022 1168; x_wconf 83' lang='lat' dir='ltr'>ex</span> <span class='ocrx_word' id='word_1_79' title='bbox 1036 1129 1079 1177; x_wconf 91' lang='lat' dir='ltr'>eo,</span> <span class='ocrx_word' id='word_1_80' title='bbox 1095 1130 1151 1187; x_wconf 86' lang='lat' dir='ltr'>qua</span> <span class='ocrx_word' id='word_1_81' title='bbox 1164 1128 1216 1187; x_wconf 90' lang='lat' dir='ltr'>spe</span> 
     </span>
     <span class='ocr_line' id='line_1_12' title="bbox 271 1190 1216 1268; baseline -0.001 -22"><span class='ocrx_word' id='word_1_82' title='bbox 271 1191 386 1258; x_wconf 87' lang='lat' dir='ltr'>fureret,</span> <span class='ocrx_word' id='word_1_83' title='bbox 412 1192 514 1248; x_wconf 87' lang='lat' dir='ltr'>Milone</span> <span class='ocrx_word' id='word_1_84' title='bbox 528 1192 599 1256; x_wconf 89' lang='lat' dir='ltr'>vivo,</span> <span class='ocrx_word' id='word_1_85' title='bbox 614 1191 768 1268; x_wconf 88' lang='lat' dir='ltr'>respondit,</span> <span class='ocrx_word' id='word_1_86' title='bbox 783 1190 879 1247; x_wconf 89' lang='lat' dir='ltr'>triduo</span> <span class='ocrx_word' id='word_1_87' title='bbox 900 1190 979 1247; x_wconf 91' lang='lat' dir='ltr'>illum</span> <span class='ocrx_word' id='word_1_88' title='bbox 999 1198 1049 1246; x_wconf 87' lang='lat' dir='ltr'>aut</span> <span class='ocrx_word' id='word_1_89' title='bbox 1072 1207 1216 1246; x_wconf 89' lang='lat' dir='ltr'>summum</span> 
     </span>
     <span class='ocr_line' id='line_1_13' title="bbox 206 1263 1214 1346; baseline -0.001 -21"><span class='ocrx_word' id='word_1_90' title='bbox 206 1263 214 1274; x_wconf 57' lang='lat'>⁸</span> <span class='ocrx_word' id='word_1_91' title='bbox 272 1270 422 1345; x_wconf 85' lang='lat' dir='ltr'>quatriduo</span> <span class='ocrx_word' id='word_1_92' title='bbox 438 1289 499 1327; x_wconf 87' lang='lat' dir='ltr'>esse</span> <span class='ocrx_word' id='word_1_93' title='bbox 520 1270 694 1346; x_wconf 88' lang='lat' dir='ltr'>periturum;</span> <span class='ocrx_word' id='word_1_94' title='bbox 715 1288 800 1346; x_wconf 86' lang='lat' dir='ltr'>quam</span> <span class='ocrx_word' id='word_1_95' title='bbox 813 1287 916 1326; x_wconf 85' lang='lat' dir='ltr'>vocem</span> <span class='ocrx_word' id='word_1_96' title='bbox 936 1268 998 1345; x_wconf 84' lang='lat' dir='ltr'>ejus</span> <span class='ocrx_word' id='word_1_97' title='bbox 1016 1269 1054 1324; x_wconf 89' lang='lat' dir='ltr'>ad</span> <span class='ocrx_word' id='word_1_98' title='bbox 1075 1269 1151 1325; x_wconf 91' lang='lat' dir='ltr'>huno</span> <span class='ocrx_word' id='word_1_99' title='bbox 1175 1267 1214 1324; x_wconf 92' lang='lat' dir='ltr'>M.</span> 
     </span>
     <span class='ocr_line' id='line_1_14' title="bbox 273 1348 797 1405; baseline 0 -1"><span class='ocrx_word' id='word_1_100' title='bbox 273 1348 410 1405; x_wconf 87' lang='lat' dir='ltr'>Catonem</span> <span class='ocrx_word' id='word_1_101' title='bbox 424 1348 519 1404; x_wconf 89' lang='lat' dir='ltr'>statim</span> <span class='ocrx_word' id='word_1_102' title='bbox 533 1349 673 1405; x_wconf 86' lang='lat' dir='ltr'>Favonius</span> <span class='ocrx_word' id='word_1_103' title='bbox 688 1348 797 1405; x_wconf 88' lang='lat' dir='ltr'>detulit.</span> 
     </span>
     <span class='ocr_line' id='line_1_15' title="bbox 311 1422 1216 1503; baseline -0.002 -21"><span class='ocrx_word' id='word_1_104' title='bbox 311 1427 346 1482; x_wconf 92' lang='lat' dir='ltr'>X.</span> <span class='ocrx_word' id='word_1_105' title='bbox 389 1428 434 1484; x_wconf 79' lang='lat'>27.</span> <span class='ocrx_word' id='word_1_106' title='bbox 457 1427 580 1493; x_wconf 88' lang='lat' dir='ltr'>Interim,</span> <span class='ocrx_word' id='word_1_107' title='bbox 596 1446 683 1502; x_wconf 93' lang='lat' dir='ltr'>quum</span> <span class='ocrx_word' id='word_1_108' title='bbox 704 1427 788 1483; x_wconf 90' lang='lat' dir='ltr'>sciret</span> <span class='ocrx_word' id='word_1_109' title='bbox 808 1425 926 1483; x_wconf 80' lang='lat' dir='ltr'>Clodius</span> <span class='ocrx_word' id='word_1_110' title='bbox 941 1422 1130 1503; x_wconf 88' lang='lat' dir='ltr'>(nequeenim</span> <span class='ocrx_word' id='word_1_111' title='bbox 1155 1430 1216 1481; x_wconf 86' lang='lat' dir='ltr'>erat</span> 
     </span>
     <span class='ocr_line' id='line_1_16' title="bbox 222 1503 1215 1582; baseline -0.002 -22"><span class='ocrx_word' id='word_1_112' title='bbox 222 1515 258 1566; x_wconf 86' lang='lat'>15</span> <span class='ocrx_word' id='word_1_113' title='bbox 272 1504 383 1561; x_wconf 88' lang='lat' dir='ltr'>difficile</span> <span class='ocrx_word' id='word_1_114' title='bbox 400 1504 493 1578; x_wconf 84' lang='lat' dir='ltr'>scire),</span> <span class='ocrx_word' id='word_1_115' title='bbox 517 1504 570 1561; x_wconf 90' lang='lat' dir='ltr'>iter</span> <span class='ocrx_word' id='word_1_116' title='bbox 590 1505 734 1571; x_wconf 90' lang='lat' dir='ltr'>sollemne,</span> <span class='ocrx_word' id='word_1_117' title='bbox 755 1505 919 1582; x_wconf 86' lang='lat' dir='ltr'>legitimum,</span> <span class='ocrx_word' id='word_1_118' title='bbox 939 1503 1134 1570; x_wconf 87' lang='lat' dir='ltr'>necessarium,</span> <span class='ocrx_word' id='word_1_119' title='bbox 1149 1509 1215 1559; x_wconf 89' lang='lat' dir='ltr'>ante</span> 
     </span>
     <span class='ocr_line' id='line_1_17' title="bbox 272 1580 1215 1641; baseline -0.002 -2"><span class='ocrx_word' id='word_1_120' title='bbox 272 1583 346 1639; x_wconf 91' lang='lat' dir='ltr'>diem</span> <span class='ocrx_word' id='word_1_121' title='bbox 359 1583 442 1639; x_wconf 91' lang='lat' dir='ltr'>XIII.</span> <span class='ocrx_word' id='word_1_122' title='bbox 458 1583 601 1640; x_wconf 81' lang='lat' dir='ltr'>Kalendas</span> <span class='ocrx_word' id='word_1_123' title='bbox 615 1584 682 1641; x_wconf 89' lang='lat' dir='ltr'>Feb.</span> <span class='ocrx_word' id='word_1_124' title='bbox 699 1583 795 1641; x_wconf 91' lang='lat' dir='ltr'>Miloni</span> <span class='ocrx_word' id='word_1_125' title='bbox 818 1601 880 1640; x_wconf 88' lang='lat' dir='ltr'>esse</span> <span class='ocrx_word' id='word_1_126' title='bbox 894 1582 1051 1639; x_wconf 83' lang='lat' dir='ltr'>Lanuvium</span> <span class='ocrx_word' id='word_1_127' title='bbox 1071 1581 1108 1638; x_wconf 88' lang='lat' dir='ltr'>ad</span> <span class='ocrx_word' id='word_1_128' title='bbox 1127 1580 1215 1637; x_wconf 87' lang='lat' dir='ltr'>flami·</span> 
     </span>
     <span class='ocr_line' id='line_1_18' title="bbox 271 1660 1216 1737; baseline -0.001 -21"><span class='ocrx_word' id='word_1_129' title='bbox 271 1679 336 1717; x_wconf 90' lang='lat' dir='ltr'>nem</span> <span class='ocrx_word' id='word_1_130' title='bbox 360 1661 547 1737; x_wconf 90' lang='lat' dir='ltr'>prodendum,</span> <span class='ocrx_word' id='word_1_131' title='bbox 568 1662 726 1737; x_wconf 84' lang='lat' dir='ltr'>quoderat</span> <span class='ocrx_word' id='word_1_132' title='bbox 748 1662 869 1719; x_wconf 86' lang='lat' dir='ltr'>dictator</span> <span class='ocrx_word' id='word_1_133' title='bbox 890 1661 1007 1717; x_wconf 86' lang='lat' dir='ltr'>Lanuvii</span> <span class='ocrx_word' id='word_1_134' title='bbox 1026 1660 1103 1727; x_wconf 95' lang='lat' dir='ltr'>Milo,</span> <span class='ocrx_word' id='word_1_135' title='bbox 1124 1660 1216 1716; x_wconf 82' lang='lat' dir='ltr'>Roma</span> 
     </span>
     <span class='ocr_line' id='line_1_19' title="bbox 271 1736 1215 1816; baseline -0.001 -22"><span class='ocrx_word' id='word_1_136' title='bbox 271 1740 365 1796; x_wconf 91' lang='lat' dir='ltr'>subito</span> <span class='ocrx_word' id='word_1_137' title='bbox 378 1740 438 1816; x_wconf 90' lang='lat' dir='ltr'>ipse</span> <span class='ocrx_word' id='word_1_138' title='bbox 453 1741 596 1816; x_wconf 86' lang='lat' dir='ltr'>profectus</span> <span class='ocrx_word' id='word_1_139' title='bbox 607 1741 695 1815; x_wconf 89' lang='lat' dir='ltr'>pridie</span> <span class='ocrx_word' id='word_1_140' title='bbox 709 1749 760 1806; x_wconf 89' lang='lat' dir='ltr'>est,</span> <span class='ocrx_word' id='word_1_141' title='bbox 772 1747 805 1797; x_wconf 91' lang='lat' dir='ltr'>ut</span> <span class='ocrx_word' id='word_1_142' title='bbox 818 1747 883 1797; x_wconf 89' lang='lat' dir='ltr'>ante</span> <span class='ocrx_word' id='word_1_143' title='bbox 894 1758 977 1796; x_wconf 91' lang='lat' dir='ltr'>suum</span> <span class='ocrx_word' id='word_1_144' title='bbox 990 1738 1111 1796; x_wconf 81' lang='lat' dir='ltr'>fundum</span> <span class='ocrx_word' id='word_1_145' title='bbox 1126 1736 1215 1815; x_wconf 89' lang='lat' dir='ltr'>(quod</span> 
     </span>
     <span class='ocr_line' id='line_1_20' title="bbox 271 1816 1216 1895; baseline -0.001 -22"><span class='ocrx_word' id='word_1_146' title='bbox 271 1836 301 1874; x_wconf 91' lang='lat' dir='ltr'>re</span> <span class='ocrx_word' id='word_1_147' title='bbox 320 1819 491 1875; x_wconf 86' lang='lat' dir='ltr'>intellectum</span> <span class='ocrx_word' id='word_1_148' title='bbox 516 1816 571 1895; x_wconf 90' lang='lat' dir='ltr'>est)</span> <span class='ocrx_word' id='word_1_149' title='bbox 594 1818 690 1875; x_wconf 92' lang='lat' dir='ltr'>Miloni</span> <span class='ocrx_word' id='word_1_150' title='bbox 711 1819 823 1875; x_wconf 86' lang='lat' dir='ltr'>insidias</span> <span class='ocrx_word' id='word_1_151' title='bbox 847 1819 1004 1875; x_wconf 84' lang='lat' dir='ltr'>collocaret.</span> <span class='ocrx_word' id='word_1_152' title='bbox 1059 1817 1155 1893; x_wconf 85' lang='lat' dir='ltr'>Atque</span> <span class='ocrx_word' id='word_1_153' title='bbox 1175 1817 1216 1872; x_wconf 84' lang='lat' dir='ltr'>ita</span> 
     </span>
     <span class='ocr_line' id='line_1_21' title="bbox 220 1895 1216 1972; baseline -0.002 -20"><span class='ocrx_word' id='word_1_154' title='bbox 220 1906 258 1958; x_wconf 78' lang='lat'>20</span> <span class='ocrx_word' id='word_1_155' title='bbox 272 1897 414 1972; x_wconf 88' lang='lat' dir='ltr'>profectus</span> <span class='ocrx_word' id='word_1_156' title='bbox 435 1905 485 1963; x_wconf 91' lang='lat' dir='ltr'>est,</span> <span class='ocrx_word' id='word_1_157' title='bbox 502 1905 534 1953; x_wconf 93' lang='lat' dir='ltr'>ut</span> <span class='ocrx_word' id='word_1_158' title='bbox 554 1898 715 1953; x_wconf 90' lang='lat' dir='ltr'>concionem</span> <span class='ocrx_word' id='word_1_159' title='bbox 730 1898 928 1962; x_wconf 88' lang='lat' dir='ltr'>turbulentam,</span> <span class='ocrx_word' id='word_1_160' title='bbox 943 1897 972 1953; x_wconf 92' lang='lat' dir='ltr'>in</span> <span class='ocrx_word' id='word_1_161' title='bbox 985 1914 1042 1972; x_wconf 86' lang='lat' dir='ltr'>qua</span> <span class='ocrx_word' id='word_1_162' title='bbox 1055 1896 1117 1972; x_wconf 86' lang='lat' dir='ltr'>ejus</span> <span class='ocrx_word' id='word_1_163' title='bbox 1137 1895 1216 1951; x_wconf 84' lang='lat' dir='ltr'>furor</span> 
     </span>
     <span class='ocr_line' id='line_1_22' title="bbox 272 1974 1215 2050; baseline -0.002 -19"><span class='ocrx_word' id='word_1_164' title='bbox 272 1975 446 2032; x_wconf 87' lang='lat' dir='ltr'>desideratus</span> <span class='ocrx_word' id='word_1_165' title='bbox 470 1986 522 2042; x_wconf 91' lang='lat' dir='ltr'>est,</span> <span class='ocrx_word' id='word_1_166' title='bbox 538 1994 601 2050; x_wconf 88' lang='lat' dir='ltr'>quae</span> <span class='ocrx_word' id='word_1_167' title='bbox 621 1976 668 2031; x_wconf 92' lang='lat' dir='ltr'>illo</span> <span class='ocrx_word' id='word_1_168' title='bbox 692 1975 754 2050; x_wconf 92' lang='lat' dir='ltr'>ipso</span> <span class='ocrx_word' id='word_1_169' title='bbox 778 1975 823 2032; x_wconf 90' lang='lat' dir='ltr'>die</span> <span class='ocrx_word' id='word_1_170' title='bbox 847 1975 943 2032; x_wconf 87' lang='lat' dir='ltr'>habita</span> <span class='ocrx_word' id='word_1_171' title='bbox 964 1982 1015 2040; x_wconf 86' lang='lat' dir='ltr'>est,</span> <span class='ocrx_word' id='word_1_172' title='bbox 1036 1974 1215 2050; x_wconf 82' lang='lat' dir='ltr'>relinqueret,</span> 
     </span>
     <span class='ocr_line' id='line_1_23' title="bbox 271 2053 1215 2129; baseline -0.002 -20"><span class='ocrx_word' id='word_1_173' title='bbox 271 2073 365 2129; x_wconf 82' lang='lat' dir='ltr'>quam,</span> <span class='ocrx_word' id='word_1_174' title='bbox 380 2054 430 2111; x_wconf 90' lang='lat' dir='ltr'>nisi</span> <span class='ocrx_word' id='word_1_175' title='bbox 450 2055 527 2111; x_wconf 92' lang='lat' dir='ltr'>obire</span> <span class='ocrx_word' id='word_1_176' title='bbox 549 2054 677 2110; x_wconf 89' lang='lat' dir='ltr'>facinoris</span> <span class='ocrx_word' id='word_1_177' title='bbox 701 2053 794 2110; x_wconf 92' lang='lat' dir='ltr'>locum</span> <span class='ocrx_word' id='word_1_178' title='bbox 808 2063 976 2129; x_wconf 88' lang='lat' dir='ltr'>tempusque</span> <span class='ocrx_word' id='word_1_179' title='bbox 990 2053 1130 2118; x_wconf 85' lang='lat' dir='ltr'>voluisset,</span> <span class='ocrx_word' id='word_1_180' title='bbox 1145 2071 1215 2108; x_wconf 92' lang='lat' dir='ltr'>nun-</span> 
     </span>
     <span class='ocr_line' id='line_1_24' title="bbox 272 2130 1216 2208; baseline 0.001 -22"><span class='ocrx_word' id='word_1_181' title='bbox 272 2151 357 2207; x_wconf 89' lang='lat' dir='ltr'>quam</span> <span class='ocrx_word' id='word_1_182' title='bbox 370 2133 534 2208; x_wconf 82' lang='lat' dir='ltr'>reliquisset.</span> <span class='ocrx_word' id='word_1_183' title='bbox 577 2139 623 2189; x_wconf 77' lang='lat'>28.</span> <span class='ocrx_word' id='word_1_184' title='bbox 646 2132 714 2188; x_wconf 92' lang='lat' dir='ltr'>Milo</span> <span class='ocrx_word' id='word_1_185' title='bbox 734 2140 829 2188; x_wconf 91' lang='lat' dir='ltr'>autem</span> <span class='ocrx_word' id='word_1_186' title='bbox 842 2152 929 2208; x_wconf 90' lang='lat' dir='ltr'>quum</span> <span class='ocrx_word' id='word_1_187' title='bbox 950 2132 978 2188; x_wconf 93' lang='lat' dir='ltr'>in</span> <span class='ocrx_word' id='word_1_188' title='bbox 997 2136 1097 2188; x_wconf 87' lang='lat' dir='ltr'>senatu</span> <span class='ocrx_word' id='word_1_189' title='bbox 1116 2130 1216 2187; x_wconf 87' lang='lat' dir='ltr'>fuisset</span> 
     </span>
     <span class='ocr_line' id='line_1_25' title="bbox 272 2208 1216 2287; baseline -0.002 -20"><span class='ocrx_word' id='word_1_190' title='bbox 272 2228 305 2267; x_wconf 88' lang='lat' dir='ltr'>eo</span> <span class='ocrx_word' id='word_1_191' title='bbox 320 2210 372 2277; x_wconf 89' lang='lat' dir='ltr'>die,</span> <span class='ocrx_word' id='word_1_192' title='bbox 388 2212 482 2287; x_wconf 86' lang='lat' dir='ltr'>quoad</span> <span class='ocrx_word' id='word_1_193' title='bbox 502 2221 616 2268; x_wconf 87' lang='lat' dir='ltr'>senatus</span> <span class='ocrx_word' id='word_1_194' title='bbox 637 2218 680 2267; x_wconf 89' lang='lat' dir='ltr'>est</span> <span class='ocrx_word' id='word_1_195' title='bbox 705 2211 844 2276; x_wconf 73' lang='lat' dir='ltr'>dimissus</span> <span class='ocrx_word' id='word_1_196' title='bbox 862 2210 979 2266; x_wconf 91' lang='lat' dir='ltr'>domum</span> <span class='ocrx_word' id='word_1_197' title='bbox 992 2208 1084 2277; x_wconf 82' lang='lat' dir='ltr'>venit3</span> <span class='ocrx_word' id='word_1_198' title='bbox 1106 2210 1216 2267; x_wconf 85' lang='lat' dir='ltr'>calceos</span> 
     </span>
     <span class='ocr_line' id='line_1_26' title="bbox 221 2287 1215 2365; baseline -0.006 -15"><span class='ocrx_word' id='word_1_199' title='bbox 221 2297 257 2350; x_wconf 80' lang='lat'>25</span> <span class='ocrx_word' id='word_1_200' title='bbox 272 2296 301 2345; x_wconf 89' lang='lat' dir='ltr'>et</span> <span class='ocrx_word' id='word_1_201' title='bbox 324 2290 488 2346; x_wconf 85' lang='lat' dir='ltr'>vestimenta</span> <span class='ocrx_word' id='word_1_202' title='bbox 511 2289 647 2356; x_wconf 87' lang='lat' dir='ltr'>mutavit;</span> <span class='ocrx_word' id='word_1_203' title='bbox 676 2288 828 2365; x_wconf 87' lang='lat' dir='ltr'>paulisper,</span> <span class='ocrx_word' id='word_1_204' title='bbox 853 2289 922 2345; x_wconf 91' lang='lat' dir='ltr'>dum</span> <span class='ocrx_word' id='word_1_205' title='bbox 946 2308 977 2345; x_wconf 94' lang='lat' dir='ltr'>se</span> <span class='ocrx_word' id='word_1_206' title='bbox 1001 2306 1073 2344; x_wconf 82' lang='lat' dir='ltr'>uxor</span> <span class='ocrx_word' id='word_1_207' title='bbox 1098 2287 1143 2365; x_wconf 88' lang='lat' dir='ltr'>(ut</span> <span class='ocrx_word' id='word_1_208' title='bbox 1169 2288 1215 2361; x_wconf 87' lang='lat' dir='ltr'>fit)</span> 
     </span>
     <span class='ocr_line' id='line_1_27' title="bbox 272 2366 1214 2444; baseline 0 -21"><span class='ocrx_word' id='word_1_209' title='bbox 272 2377 426 2444; x_wconf 86' lang='lat' dir='ltr'>comparat,</span> <span class='ocrx_word' id='word_1_210' title='bbox 449 2377 638 2425; x_wconf 88' lang='lat' dir='ltr'>commoratus</span> <span class='ocrx_word' id='word_1_211' title='bbox 659 2375 711 2432; x_wconf 91' lang='lat' dir='ltr'>est,</span> <span class='ocrx_word' id='word_1_212' title='bbox 727 2366 827 2424; x_wconf 87' lang='lat' dir='ltr'>deinde</span> <span class='ocrx_word' id='word_1_213' title='bbox 852 2367 995 2443; x_wconf 84' lang='lat' dir='ltr'>profectus</span> <span class='ocrx_word' id='word_1_214' title='bbox 1017 2367 1047 2424; x_wconf 91' lang='lat' dir='ltr'>id</span> <span class='ocrx_word' id='word_1_215' title='bbox 1070 2367 1214 2443; x_wconf 83' lang='lat' dir='ltr'>temporis,</span> 
     </span>
     <span class='ocr_line' id='line_1_28' title="bbox 272 2445 1214 2523; baseline 0 -21"><span class='ocrx_word' id='word_1_216' title='bbox 272 2464 359 2521; x_wconf 91' lang='lat' dir='ltr'>quum</span> <span class='ocrx_word' id='word_1_217' title='bbox 371 2447 431 2522; x_wconf 88' lang='lat' dir='ltr'>jam</span> <span class='ocrx_word' id='word_1_218' title='bbox 445 2447 569 2512; x_wconf 79' lang='lat' dir='ltr'>Clodius,</span> <span class='ocrx_word' id='word_1_219' title='bbox 585 2447 608 2504; x_wconf 92' lang='lat' dir='ltr'>si</span> <span class='ocrx_word' id='word_1_220' title='bbox 622 2446 737 2523; x_wconf 90' lang='lat' dir='ltr'>quidem</span> <span class='ocrx_word' id='word_1_221' title='bbox 751 2465 785 2501; x_wconf 90' lang='lat' dir='ltr'>eo</span> <span class='ocrx_word' id='word_1_222' title='bbox 800 2445 845 2502; x_wconf 90' lang='lat' dir='ltr'>die</span> <span class='ocrx_word' id='word_1_223' title='bbox 859 2447 981 2502; x_wconf 81' lang='lat' dir='ltr'>Romam</span> <span class='ocrx_word' id='word_1_224' title='bbox 996 2454 1130 2502; x_wconf 87' lang='lat' dir='ltr'>venturus</span> <span class='ocrx_word' id='word_1_225' title='bbox 1144 2452 1214 2512; x_wconf 83' lang='lat' dir='ltr'>erat,</span> 
     </span>
     <span class='ocr_line' id='line_1_29' title="bbox 272 2524 1213 2602; baseline 0.003 -24"><span class='ocrx_word' id='word_1_226' title='bbox 272 2524 361 2580; x_wconf 87' lang='lat' dir='ltr'>redire</span> <span class='ocrx_word' id='word_1_227' title='bbox 376 2526 520 2602; x_wconf 90' lang='lat' dir='ltr'>potuisset.</span> <span class='ocrx_word' id='word_1_228' title='bbox 563 2525 683 2595; x_wconf 89' lang='lat' dir='ltr'>Obviam</span> <span class='ocrx_word' id='word_1_229' title='bbox 698 2526 730 2580; x_wconf 90' lang='lat' dir='ltr'>fit</span> <span class='ocrx_word' id='word_1_230' title='bbox 743 2524 768 2580; x_wconf 91' lang='lat' dir='ltr'>ei</span> <span class='ocrx_word' id='word_1_231' title='bbox 783 2524 907 2588; x_wconf 82' lang='lat' dir='ltr'>Clodius,</span> <span class='ocrx_word' id='word_1_232' title='bbox 919 2525 1075 2600; x_wconf 81' lang='lat' dir='ltr'>expeditus,</span> <span class='ocrx_word' id='word_1_233' title='bbox 1090 2524 1118 2580; x_wconf 90' lang='lat' dir='ltr'>in</span> <span class='ocrx_word' id='word_1_234' title='bbox 1131 2543 1213 2599; x_wconf 89' lang='lat' dir='ltr'>equo,</span> 
     </span>
     <span class='ocr_line' id='line_1_30' title="bbox 272 2600 1213 2680; baseline 0.001 -24"><span class='ocrx_word' id='word_1_235' title='bbox 272 2600 349 2656; x_wconf 89' lang='lat' dir='ltr'>nulla</span> <span class='ocrx_word' id='word_1_236' title='bbox 369 2603 465 2670; x_wconf 84' lang='lat' dir='ltr'>rheda,</span> <span class='ocrx_word' id='word_1_237' title='bbox 487 2604 569 2660; x_wconf 91' lang='lat' dir='ltr'>nullis</span> <span class='ocrx_word' id='word_1_238' title='bbox 588 2602 802 2680; x_wconf 85' lang='lat' dir='ltr'>impedimentis,</span> <span class='ocrx_word' id='word_1_239' title='bbox 824 2602 906 2659; x_wconf 91' lang='lat' dir='ltr'>nullis</span> <span class='ocrx_word' id='word_1_240' title='bbox 931 2603 1037 2659; x_wconf 84' lang='lat' dir='ltr'>Graecis</span> <span class='ocrx_word' id='word_1_241' title='bbox 1054 2602 1213 2669; x_wconf 87' lang='lat' dir='ltr'>comitibus,</span> 
     </span>
     <span class='ocr_line' id='line_1_31' title="bbox 220 2680 1213 2757; baseline 0.001 -23"><span class='ocrx_word' id='word_1_242' title='bbox 220 2688 259 2741; x_wconf 85' lang='lat'>30</span> <span class='ocrx_word' id='word_1_243' title='bbox 273 2688 305 2734; x_wconf 92' lang='lat' dir='ltr'>ut</span> <span class='ocrx_word' id='word_1_244' title='bbox 319 2680 435 2747; x_wconf 82' lang='lat' dir='ltr'>solebat,</span> <span class='ocrx_word' id='word_1_245' title='bbox 450 2681 507 2738; x_wconf 90' lang='lat' dir='ltr'>sine</span> <span class='ocrx_word' id='word_1_246' title='bbox 527 2701 621 2748; x_wconf 85' lang='lat' dir='ltr'>uxore,</span> <span class='ocrx_word' id='word_1_247' title='bbox 636 2681 713 2757; x_wconf 93' lang='lat' dir='ltr'>quod</span> <span class='ocrx_word' id='word_1_248' title='bbox 734 2700 876 2757; x_wconf 87' lang='lat' dir='ltr'>uunquam</span> <span class='ocrx_word' id='word_1_249' title='bbox 891 2681 957 2747; x_wconf 85' lang='lat' dir='ltr'>fere,</span> <span class='ocrx_word' id='word_1_250' title='bbox 973 2700 1060 2756; x_wconf 90' lang='lat' dir='ltr'>quum</span> <span class='ocrx_word' id='word_1_251' title='bbox 1084 2680 1129 2736; x_wconf 92' lang='lat' dir='ltr'>hic</span> <span class='ocrx_word' id='word_1_252' title='bbox 1148 2680 1213 2736; x_wconf 91' lang='lat' dir='ltr'>insi·</span> 
     </span>
     <span class='ocr_line' id='line_1_32' title="bbox 273 2757 1214 2836; baseline 0.001 -21"><span class='ocrx_word' id='word_1_253' title='bbox 273 2757 371 2823; x_wconf 87' lang='lat' dir='ltr'>diator,</span> <span class='ocrx_word' id='word_1_254' title='bbox 386 2759 434 2835; x_wconf 94' lang='lat' dir='ltr'>qui</span> <span class='ocrx_word' id='word_1_255' title='bbox 447 2759 499 2816; x_wconf 88' lang='lat' dir='ltr'>iter</span> <span class='ocrx_word' id='word_1_256' title='bbox 512 2760 580 2817; x_wconf 91' lang='lat' dir='ltr'>illud</span> <span class='ocrx_word' id='word_1_257' title='bbox 595 2761 632 2817; x_wconf 86' lang='lat' dir='ltr'>ad</span> <span class='ocrx_word' id='word_1_258' title='bbox 651 2760 761 2817; x_wconf 86' lang='lat' dir='ltr'>caedem</span> <span class='ocrx_word' id='word_1_259' title='bbox 784 2759 941 2816; x_wconf 86' lang='lat' dir='ltr'>faciendam</span> <span class='ocrx_word' id='word_1_260' title='bbox 959 2766 1133 2836; x_wconf 87' lang='lat' dir='ltr'>apparasset,</span> <span class='ocrx_word' id='word_1_261' title='bbox 1149 2778 1214 2816; x_wconf 90' lang='lat' dir='ltr'>cum</span> 
     </span>
     <span class='ocr_line' id='line_1_33' title="bbox 272 2836 1215 2915; baseline 0.002 -24"><span class='ocrx_word' id='word_1_262' title='bbox 272 2844 359 2892; x_wconf 83' lang='lat' dir='ltr'>uxore</span> <span class='ocrx_word' id='word_1_263' title='bbox 373 2838 521 2894; x_wconf 89' lang='lat' dir='ltr'>veheretur</span> <span class='ocrx_word' id='word_1_264' title='bbox 544 2837 572 2894; x_wconf 93' lang='lat' dir='ltr'>in</span> <span class='ocrx_word' id='word_1_265' title='bbox 592 2838 689 2903; x_wconf 88' lang='lat' dir='ltr'>rheda,</span> <span class='ocrx_word' id='word_1_266' title='bbox 709 2838 878 2914; x_wconf 86' lang='lat' dir='ltr'>paenulatus,</span> <span class='ocrx_word' id='word_1_267' title='bbox 901 2856 1004 2915; x_wconf 84' lang='lat' dir='ltr'>magno</span> <span class='ocrx_word' id='word_1_268' title='bbox 1027 2847 1057 2894; x_wconf 91' lang='lat' dir='ltr'>et</span> <span class='ocrx_word' id='word_1_269' title='bbox 1078 2836 1215 2912; x_wconf 90' lang='lat' dir='ltr'>impedito</span> 
     </span>
     <span class='ocr_line' id='line_1_34' title="bbox 246 2915 1212 2992; baseline 0.001 -21"><span class='ocrx_word' id='word_1_270' title='bbox 246 2972 250 2981; x_wconf 69' lang='grc'><strong>,</strong></span> <span class='ocrx_word' id='word_1_271' title='bbox 271 2920 302 2971; x_wconf 87' lang='lat' dir='ltr'>et</span> <span class='ocrx_word' id='word_1_272' title='bbox 321 2915 449 2972; x_wconf 89' lang='lat' dir='ltr'>muliebri</span> <span class='ocrx_word' id='word_1_273' title='bbox 469 2935 502 2972; x_wconf 90' lang='lat' dir='ltr'>ac</span> <span class='ocrx_word' id='word_1_274' title='bbox 521 2917 641 2973; x_wconf 85' lang='lat' dir='ltr'>delicato</span> <span class='ocrx_word' id='word_1_275' title='bbox 662 2917 825 2973; x_wconf 86' lang='lat' dir='ltr'>ancillarum</span> <span class='ocrx_word' id='word_1_276' title='bbox 848 2935 1056 2992; x_wconf 83' lang='lat' dir='ltr'>puerorumque</span> <span class='ocrx_word' id='word_1_277' title='bbox 1070 2915 1212 2972; x_wconf 81' lang='lat' dir='ltr'>comitatu.</span> 
     </span>
     <span class='ocr_line' id='line_1_35' title="bbox 273 2992 1212 3071; baseline 0.001 -23"><span class='ocrx_word' id='word_1_278' title='bbox 273 2999 319 3049; x_wconf 80' lang='lat'>29.</span> <span class='ocrx_word' id='word_1_279' title='bbox 341 2992 387 3049; x_wconf 85' lang='lat' dir='ltr'>Fit</span> <span class='ocrx_word' id='word_1_280' title='bbox 411 2993 521 3051; x_wconf 81' lang='lat' dir='ltr'>obviam</span> <span class='ocrx_word' id='word_1_281' title='bbox 536 2995 636 3053; x_wconf 91' lang='lat' dir='ltr'>Clodio</span> <span class='ocrx_word' id='word_1_282' title='bbox 650 3003 715 3051; x_wconf 91' lang='lat' dir='ltr'>ante</span> <span class='ocrx_word' id='word_1_283' title='bbox 739 2993 859 3051; x_wconf 84' lang='lat' dir='ltr'>fundum</span> <span class='ocrx_word' id='word_1_284' title='bbox 879 2995 940 3071; x_wconf 89' lang='lat' dir='ltr'>ejus</span> <span class='ocrx_word' id='word_1_285' title='bbox 960 2995 1030 3051; x_wconf 87' lang='lat' dir='ltr'>hora</span> <span class='ocrx_word' id='word_1_286' title='bbox 1050 2994 1108 3050; x_wconf 81' lang='lat' dir='ltr'>fere</span> <span class='ocrx_word' id='word_1_287' title='bbox 1124 2992 1212 3050; x_wconf 87' lang='lat' dir='ltr'>unde·</span> 
     </span>
     <span class='ocr_line' id='line_1_36' title="bbox 220 3070 1213 3148; baseline -0.006 -16"><span class='ocrx_word' id='word_1_288' title='bbox 220 3079 258 3131; x_wconf 81' lang='lat'>35</span> <span class='ocrx_word' id='word_1_289' title='bbox 272 3071 343 3128; x_wconf 84' lang='lat' dir='ltr'>eima</span> <span class='ocrx_word' id='word_1_290' title='bbox 356 3080 406 3127; x_wconf 88' lang='lat' dir='ltr'>aut</span> <span class='ocrx_word' id='word_1_291' title='bbox 419 3091 475 3129; x_wconf 90' lang='lat' dir='ltr'>non</span> <span class='ocrx_word' id='word_1_292' title='bbox 488 3074 578 3130; x_wconf 90' lang='lat' dir='ltr'>multo</span> <span class='ocrx_word' id='word_1_293' title='bbox 592 3092 681 3130; x_wconf 89' lang='lat' dir='ltr'>secus.</span> <span class='ocrx_word' id='word_1_294' title='bbox 723 3072 824 3129; x_wconf 81' lang='lat' dir='ltr'>Statim</span> <span class='ocrx_word' id='word_1_295' title='bbox 847 3072 1007 3148; x_wconf 87' lang='lat' dir='ltr'>complures</span> <span class='ocrx_word' id='word_1_296' title='bbox 1023 3091 1088 3130; x_wconf 90' lang='lat' dir='ltr'>cum</span> <span class='ocrx_word' id='word_1_297' title='bbox 1110 3070 1172 3128; x_wconf 91' lang='lat' dir='ltr'>telis</span> <span class='ocrx_word' id='word_1_298' title='bbox 1185 3071 1213 3127; x_wconf 92' lang='lat' dir='ltr'>in</span> 
     </span>
     <span class='ocr_line' id='line_1_37' title="bbox 272 3149 1214 3228; baseline -0.001 -22"><span class='ocrx_word' id='word_1_299' title='bbox 272 3150 346 3206; x_wconf 91' lang='lat' dir='ltr'>hunc</span> <span class='ocrx_word' id='word_1_300' title='bbox 360 3149 467 3207; x_wconf 83' lang='lat' dir='ltr'>faciunt</span> <span class='ocrx_word' id='word_1_301' title='bbox 481 3151 517 3208; x_wconf 89' lang='lat' dir='ltr'>de</span> <span class='ocrx_word' id='word_1_302' title='bbox 530 3151 593 3209; x_wconf 92' lang='lat' dir='ltr'>loco</span> <span class='ocrx_word' id='word_1_303' title='bbox 604 3151 745 3228; x_wconf 88' lang='lat' dir='ltr'>superiore</span> <span class='ocrx_word' id='word_1_304' title='bbox 754 3151 891 3227; x_wconf 88' lang='lat' dir='ltr'>impetum</span> <span class='ocrx_word' id='word_1_305' title='bbox 902 3170 909 3216; x_wconf 88' lang='lat'>;</span> <span class='ocrx_word' id='word_1_306' title='bbox 929 3150 1039 3208; x_wconf 85' lang='lat' dir='ltr'>adversi</span> <span class='ocrx_word' id='word_1_307' title='bbox 1052 3149 1214 3207; x_wconf 82' lang='lat' dir='ltr'>rhedarinm</span> 
     </span>
     <span class='ocr_line' id='line_1_38' title="bbox 272 3227 1213 3305; baseline 0 -21"><span class='ocrx_word' id='word_1_308' title='bbox 272 3227 418 3295; x_wconf 89' lang='lat' dir='ltr'>occidunt;</span> <span class='ocrx_word' id='word_1_309' title='bbox 439 3248 526 3304; x_wconf 92' lang='lat' dir='ltr'>quum</span> <span class='ocrx_word' id='word_1_310' title='bbox 539 3239 635 3287; x_wconf 86' lang='lat' dir='ltr'>autem</span> <span class='ocrx_word' id='word_1_311' title='bbox 655 3229 700 3287; x_wconf 93' lang='lat' dir='ltr'>hic</span> <span class='ocrx_word' id='word_1_312' title='bbox 715 3228 751 3285; x_wconf 90' lang='lat' dir='ltr'>de</span> <span class='ocrx_word' id='word_1_313' title='bbox 768 3229 864 3295; x_wconf 86' lang='lat' dir='ltr'>rheda,</span> <span class='ocrx_word' id='word_1_314' title='bbox 879 3229 985 3304; x_wconf 83' lang='lat' dir='ltr'>rejecta</span> <span class='ocrx_word' id='word_1_315' title='bbox 1004 3228 1124 3305; x_wconf 75' lang='lat' dir='ltr'>paenula,</span> <span class='ocrx_word' id='word_1_316' title='bbox 1139 3227 1213 3284; x_wconf 90' lang='lat' dir='ltr'>desi-</span> 
     </span>
     <span class='ocr_line' id='line_1_39' title="bbox 271 3305 1214 3383; baseline 0 -21"><span class='ocrx_word' id='word_1_317' title='bbox 271 3305 369 3363; x_wconf 92' lang='lat' dir='ltr'>luisset</span> <span class='ocrx_word' id='word_1_318' title='bbox 389 3326 477 3383; x_wconf 87' lang='lat' dir='ltr'>seque</span> <span class='ocrx_word' id='word_1_319' title='bbox 500 3308 556 3364; x_wconf 87' lang='lat' dir='ltr'>acri</span> <span class='ocrx_word' id='word_1_320' title='bbox 580 3308 671 3364; x_wconf 87' lang='lat' dir='ltr'>animo</span> <span class='ocrx_word' id='word_1_321' title='bbox 696 3307 868 3372; x_wconf 85' lang='lat' dir='ltr'>defenderet,</span> <span class='ocrx_word' id='word_1_322' title='bbox 893 3307 940 3373; x_wconf 91' lang='lat' dir='ltr'>illi,</span> <span class='ocrx_word' id='word_1_323' title='bbox 966 3308 1014 3382; x_wconf 90' lang='lat' dir='ltr'>qui</span> <span class='ocrx_word' id='word_1_324' title='bbox 1041 3312 1120 3364; x_wconf 88' lang='lat' dir='ltr'>erant</span> <span class='ocrx_word' id='word_1_325' title='bbox 1147 3325 1214 3363; x_wconf 93' lang='lat' dir='ltr'>cum</span> 
     </span>
     <span class='ocr_line' id='line_1_40' title="bbox 272 3384 1215 3474; baseline -0.001 -34"><span class='ocrx_word' id='word_1_326' title='bbox 272 3384 380 3450; x_wconf 87' lang='lat' dir='ltr'>Clodio,</span> <span class='ocrx_word' id='word_1_327' title='bbox 401 3384 501 3474; x_wconf 79' lang='lat' dir='ltr'>gladiis</span> <span class='ocrx_word' id='word_1_328' title='bbox 521 3386 638 3451; x_wconf 90' lang='lat' dir='ltr'>eductis,</span> <span class='ocrx_word' id='word_1_329' title='bbox 661 3384 763 3462; x_wconf 83' lang='lat' dir='ltr'>partim</span> <span class='ocrx_word' id='word_1_330' title='bbox 784 3403 927 3442; x_wconf 89' lang='lat' dir='ltr'>recurrere</span> <span class='ocrx_word' id='word_1_331' title='bbox 944 3385 980 3441; x_wconf 88' lang='lat' dir='ltr'>ad</span> <span class='ocrx_word' id='word_1_332' title='bbox 1003 3385 1128 3450; x_wconf 86' lang='lat' dir='ltr'>rhedam,</span> <span class='ocrx_word' id='word_1_333' title='bbox 1143 3393 1176 3440; x_wconf 94' lang='lat' dir='ltr'>ut</span> <span class='ocrx_word' id='word_1_334' title='bbox 1195 3401 1215 3439; x_wconf 91' lang='lat' dir='ltr'>a</span> 
     </span>
     <span class='ocr_line' id='line_1_41' title="bbox 219 3462 1213 3540; baseline -0.004 -17"><span class='ocrx_word' id='word_1_335' title='bbox 219 3469 257 3523; x_wconf 78' lang='lat'>40</span> <span class='ocrx_word' id='word_1_336' title='bbox 270 3470 358 3539; x_wconf 76' lang='lat' dir='ltr'>tergo</span> <span class='ocrx_word' id='word_1_337' title='bbox 375 3463 508 3520; x_wconf 87' lang='lat' dir='ltr'>Milonem</span> <span class='ocrx_word' id='word_1_338' title='bbox 527 3464 710 3529; x_wconf 89' lang='lat' dir='ltr'>adorirentur,</span> <span class='ocrx_word' id='word_1_339' title='bbox 725 3464 836 3540; x_wconf 85' lang='lat' dir='ltr'>partim,</span> <span class='ocrx_word' id='word_1_340' title='bbox 852 3464 928 3539; x_wconf 91' lang='lat' dir='ltr'>quod</span> <span class='ocrx_word' id='word_1_341' title='bbox 950 3464 1025 3520; x_wconf 91' lang='lat' dir='ltr'>huno</span> <span class='ocrx_word' id='word_1_342' title='bbox 1046 3463 1106 3540; x_wconf 83' lang='lat' dir='ltr'>jam</span> <span class='ocrx_word' id='word_1_343' title='bbox 1126 3462 1213 3519; x_wconf 88' lang='lat' dir='ltr'>inter·</span> 
     </span>
     <span class='ocr_line' id='line_1_42' title="bbox 269 3541 1214 3618; baseline -0.001 -20"><span class='ocrx_word' id='word_1_344' title='bbox 269 3541 377 3598; x_wconf 84' lang='lat' dir='ltr'>fectum</span> <span class='ocrx_word' id='word_1_345' title='bbox 400 3549 540 3618; x_wconf 85' lang='lat' dir='ltr'>putarent,</span> <span class='ocrx_word' id='word_1_346' title='bbox 560 3542 677 3599; x_wconf 84' lang='lat' dir='ltr'>caedere</span> <span class='ocrx_word' id='word_1_347' title='bbox 700 3541 837 3618; x_wconf 81' lang='lat' dir='ltr'>incipiunt</span> <span class='ocrx_word' id='word_1_348' title='bbox 860 3543 922 3618; x_wconf 88' lang='lat' dir='ltr'>ejus</span> <span class='ocrx_word' id='word_1_349' title='bbox 946 3560 1050 3608; x_wconf 85' lang='lat' dir='ltr'>servos,</span> <span class='ocrx_word' id='word_1_350' title='bbox 1075 3541 1123 3616; x_wconf 94' lang='lat' dir='ltr'>qui</span> <span class='ocrx_word' id='word_1_351' title='bbox 1146 3547 1214 3616; x_wconf 86' lang='lat' dir='ltr'>post</span> 
     </span>
     <span class='ocr_line' id='line_1_43' title="bbox 269 3618 1213 3697; baseline -0.002 -21"><span class='ocrx_word' id='word_1_352' title='bbox 269 3626 358 3686; x_wconf 85' lang='lat' dir='ltr'>erant,</span> <span class='ocrx_word' id='word_1_353' title='bbox 373 3637 408 3676; x_wconf 85' lang='lat' dir='ltr'>ex</span> <span class='ocrx_word' id='word_1_354' title='bbox 428 3620 530 3696; x_wconf 87' lang='lat' dir='ltr'>quibus</span> <span class='ocrx_word' id='word_1_355' title='bbox 550 3620 598 3695; x_wconf 94' lang='lat' dir='ltr'>qui</span> <span class='ocrx_word' id='word_1_356' title='bbox 618 3620 710 3676; x_wconf 86' lang='lat' dir='ltr'>animo</span> <span class='ocrx_word' id='word_1_357' title='bbox 730 3620 806 3677; x_wconf 89' lang='lat' dir='ltr'>fideli</span> <span class='ocrx_word' id='word_1_358' title='bbox 825 3619 853 3676; x_wconf 91' lang='lat' dir='ltr'>in</span> <span class='ocrx_word' id='word_1_359' title='bbox 867 3620 1012 3678; x_wconf 90' lang='lat' dir='ltr'>dominum</span> <span class='ocrx_word' id='word_1_360' title='bbox 1026 3627 1055 3677; x_wconf 89' lang='lat' dir='ltr'>et</span> <span class='ocrx_word' id='word_1_361' title='bbox 1080 3618 1213 3697; x_wconf 86' lang='lat' dir='ltr'>praesenti</span> 
     </span>
     <span class='ocr_line' id='line_1_44' title="bbox 268 3697 1213 3775; baseline 0 -21"><span class='ocrx_word' id='word_1_362' title='bbox 268 3697 391 3765; x_wconf 84' lang='lat' dir='ltr'>fuerunt,</span> <span class='ocrx_word' id='word_1_363' title='bbox 407 3697 508 3774; x_wconf 84' lang='lat' dir='ltr'>partim</span> <span class='ocrx_word' id='word_1_364' title='bbox 531 3697 612 3754; x_wconf 91' lang='lat' dir='ltr'>occisi</span> <span class='ocrx_word' id='word_1_365' title='bbox 632 3706 707 3764; x_wconf 89' lang='lat' dir='ltr'>sunt,</span> <span class='ocrx_word' id='word_1_366' title='bbox 722 3698 833 3775; x_wconf 84' lang='lat' dir='ltr'>partim,</span> <span class='ocrx_word' id='word_1_367' title='bbox 848 3717 937 3774; x_wconf 90' lang='lat' dir='ltr'>quum</span> <span class='ocrx_word' id='word_1_368' title='bbox 960 3697 997 3755; x_wconf 86' lang='lat' dir='ltr'>ad</span> <span class='ocrx_word' id='word_1_369' title='bbox 1021 3698 1140 3755; x_wconf 83' lang='lat' dir='ltr'>rhedam</span> <span class='ocrx_word' id='word_1_370' title='bbox 1160 3717 1213 3775; x_wconf 91' lang='lat' dir='ltr'>pu·</span> 
     </span>
     <span class='ocr_line' id='line_1_45' title="bbox 267 3775 1213 3855; baseline 0 -21"><span class='ocrx_word' id='word_1_371' title='bbox 267 3775 349 3855; x_wconf 80' lang='lat' dir='ltr'>gnari</span> <span class='ocrx_word' id='word_1_372' title='bbox 368 3777 503 3844; x_wconf 87' lang='lat' dir='ltr'>viderent,</span> <span class='ocrx_word' id='word_1_373' title='bbox 517 3775 630 3834; x_wconf 91' lang='lat' dir='ltr'>domino</span> <span class='ocrx_word' id='word_1_374' title='bbox 650 3793 813 3834; x_wconf 85' lang='lat' dir='ltr'>succurrere</span> <span class='ocrx_word' id='word_1_375' title='bbox 833 3777 1058 3854; x_wconf 84' lang='lat' dir='ltr'>prohiberentur,</span> <span class='ocrx_word' id='word_1_376' title='bbox 1078 3775 1213 3834; x_wconf 83' lang='lat' dir='ltr'>Milonem</span> 
     </span>
    </p>
   </div>
   <div class='ocr_carea' id='block_1_3' title="bbox 0 0 1376 4384">
    <p class='ocr_par' dir='ltr' id='par_1_3' title="bbox 0 0 1376 4384">
     <span class='ocr_line' id='line_1_46' title="bbox 0 0 1376 4384; baseline 0 1"><span class='ocrx_word' id='word_1_377' title='bbox 0 0 1376 4384; x_wconf 95' lang='lat' dir='ltr'> </span> 
     </span>
    </p>
   </div>
  </div>
 </body>
</html>
