2742 4384
209 286 250 349 ω
678 294 786 337 omero

255 425 334 485 licuit
347 425 427 485 aliter
439 431 535 485 vestro
547 424 652 506 generi,
671 425 784 494 nomini,
804 425 925 493 familia,
941 425 1105 504 disciplina.
1147 425 1206 487 Sed

255 506 310 564 boc
337 525 394 564 nou
423 504 556 572 concedo,
581 512 622 573 ut,
647 505 751 583 quibus
776 507 861 564 rebus
883 505 1039 584 gloriemini
1065 507 1093 563 in
1116 506 1206 575 vobis,

255 584 371 644 easdem
383 583 412 643 in
426 584 486 642 aliis
500 584 721 662 reprehendatis.
764 590 810 641 21.
832 584 987 642 Tuberonis
1001 604 1063 642 sors
1077 586 1206 663 conjecta

255 672 300 722 est
323 683 360 722 ex
379 672 493 721 senatus
518 664 655 730 consulto,
679 681 768 741 quum
790 663 852 741 ipse
875 682 932 720 non
955 663 1077 753 adest,
1104 665 1206 722 morbo

228 742 342 807 tetiam
364 742 564 820 impediretur:
596 749 735 799 statuerat
761 760 904 800 excusare.
960 742 1032 800 Haec
1059 762 1114 821 ego
1139 742 1205 801 novi

256 829 372 900 propter
386 839 483 879 omnes
496 820 724 888 necessitudines,
739 839 804 897 quae
824 820 892 878 mihi
906 828 972 878 sunt
985 840 1051 879 eum
1065 822 1097 879 L.
1113 820 1204 880 Tube·

255 919 332 959 rone.
373 899 459 958 Domi
472 919 529 957 una
542 899 653 966 eruditi,
663 899 770 956 militiae
784 899 1007 967 contubernales,
1019 907 1085 979 post
1099 900 1204 968 affines,

255 979 283 1036 in
297 978 373 1037 omni
393 979 514 1056 denique
528 978 587 1036 vita
606 977 773 1036 familiares:
795 997 931 1057 magnum
947 979 1033 1036 etiam
1052 979 1203 1047 vinculum,

255 1059 332 1135 quod
346 1058 446 1117 iisdem
460 1057 560 1115 studiis
574 1076 687 1133 semper
700 1057 744 1114 usi
764 1076 870 1115 sumus.
913 1057 978 1115 Scio
1002 1057 1090 1136 igitur
1111 1058 1204 1116 Tube·

209 1147 247 1201 10
255 1156 353 1196 ronam
376 1137 453 1195 domi
475 1154 589 1193 manere
606 1136 745 1193 voluisse:
767 1136 818 1194 sed
842 1136 882 1193 ita
902 1136 1018 1213 quidam
1038 1137 1205 1214 agebatne

255 1216 296 1274 rei
309 1216 430 1293 publicae
443 1215 648 1273 sanctissimum
661 1233 764 1272 nomen
773 1216 944 1292 opponebat,
954 1223 987 1272 ut
1000 1215 1111 1273 etiamsi
1124 1215 1205 1273 aliter

256 1295 381 1363 sentiret,
407 1296 558 1352 verborum
581 1301 677 1351 tamen
698 1294 825 1370 ipsorum
850 1294 961 1371 pondus
985 1293 1124 1353 sustinere
1147 1313 1204 1351 non

256 1379 361 1450 posset.
403 1379 451 1431 22.
482 1372 574 1430 Cessit
597 1372 759 1430 auctoritati
780 1373 944 1449 amplissimi
967 1373 1017 1430 riri
1041 1372 1086 1430 vel
1110 1373 1204 1450 potius

256 1452 359 1529 paruit.
390 1451 456 1508 Una
469 1460 513 1509 est
527 1451 670 1528 profectus
684 1470 751 1508 cum
764 1450 805 1517 iis,
820 1471 942 1528 quorum
955 1460 1017 1509 erat
1030 1470 1087 1508 una
1101 1470 1204 1520 causa;

210 1540 247 1595 15
256 1530 365 1587 tardius
378 1529 431 1586 iter
443 1530 518 1588 fecit.
560 1531 661 1605 Itaque
674 1530 703 1587 in
716 1530 845 1586 Africam
860 1530 935 1588 venit
950 1531 1011 1608 jam
1024 1539 1203 1608 occupatam.

256 1608 331 1665 Hine
354 1609 382 1664 in
405 1608 548 1687 Ligarium
571 1608 677 1666 crimen
698 1608 786 1667 oritur
806 1609 852 1666 vel
875 1609 916 1666 ira
940 1610 1049 1686 potius:
1081 1628 1155 1676 nam,
1180 1608 1205 1667 si

256 1687 361 1744 crimen
383 1695 428 1744 cst
454 1687 544 1744 ullum
570 1687 699 1754 voluisse,
724 1706 780 1744 non
807 1687 899 1745 minus
926 1707 1061 1766 magnum
1085 1695 1129 1745 est
1153 1707 1204 1746 vos

256 1766 393 1833 Africam,
419 1785 512 1823 arcem
537 1766 661 1823 omnium
689 1765 894 1842 provinciarum
915 1774 1011 1824 natam
1035 1766 1072 1824 ad
1097 1766 1204 1826 bellum

257 1853 355 1904 contra
373 1846 445 1903 hanc
467 1845 567 1902 urbem
587 1844 745 1923 gerendum
767 1844 892 1904 obtinere
906 1846 1027 1903 voluisse
1047 1865 1133 1923 qnam
1154 1845 1203 1904 ali·

209 1935 341 2002 aoquem
365 1943 396 1983 se
417 1923 557 1981 maluisse.
598 1923 698 1999 Atque
719 1922 742 1980 is
765 1931 860 1980 tamen
883 1925 982 2001 aliquis
1003 1925 1132 2003 Ligarius
1148 1943 1204 1982 non

256 2005 318 2062 fuit.
367 2003 462 2061 Varus
489 2002 639 2080 imperium
663 2020 694 2059 se
721 2002 826 2060 habere
854 2002 982 2071 dicebat3
1011 2004 1104 2061 fasces
1128 2011 1205 2062 certe

256 2083 388 2141 habebat.
431 2088 477 2140 23.
500 2081 558 2139 Sed
579 2099 694 2158 quoquo
714 2081 800 2139 modo
814 2100 845 2138 sc
865 2082 934 2140 illud
948 2083 1044 2149 habet,
1059 2083 1121 2140 haec
1135 2102 1203 2159 que-

256 2163 315 2219 rcla
328 2168 422 2219 vestra
435 2160 503 2238 quid
517 2160 614 2218 valet?
637 2159 784 2237 “Recepti
794 2160 821 2217 in
831 2160 1001 2237 provinciam
1010 2181 1066 2218 non
1075 2159 1204 2219 sumus.''

257 2240 331 2310 Quid
346 2241 369 2299 si
383 2240 504 2299 essetis?
547 2238 687 2296 Caesarine
701 2257 764 2296 eam
783 2239 912 2296 tradituri
932 2239 1033 2307 fuistis,
1047 2258 1084 2297 an
1106 2248 1206 2297 contra

210 2319 399 2384 ascensuram
413 2318 572 2376 retenturi?

295 2398 381 2457 VIII.
403 2397 487 2465 Vide,
511 2396 579 2475 quid
599 2396 729 2465 licentIae,
755 2396 862 2463 Oaesar,
876 2395 957 2455 nobis
980 2403 1031 2454 tua
1050 2396 1205 2454 liberalitas

256 2476 307 2534 det
319 2478 364 2535 vel
385 2477 478 2553 potius
502 2476 635 2534 audacie.
677 2475 709 2533 si
728 2475 905 2552 responderit
928 2475 1040 2533 Tubero
1063 2475 1203 2543 Africam,

258 2574 315 2631 quo
329 2565 444 2613 senatus
454 2574 520 2612 eum
531 2574 648 2632 sorsque
661 2554 784 2621 miserat,
799 2554 850 2612 tibi
864 2561 972 2630 patrem
987 2573 1070 2610 suum
1084 2553 1204 2611 traditu·

256 2653 320 2690 rum
340 2633 436 2699 fuisse,
460 2653 516 2690 non
540 2633 677 2691 dubitabo
701 2633 780 2709 apud
800 2632 893 2708 ipsum
917 2640 955 2700 te,
981 2632 1063 2710 cujus
1085 2633 1114 2689 id
1138 2651 1205 2689 eum

210 2712 349 2778 aofaoere
363 2711 497 2777 interfuit,
519 2711 690 2790 gravissimis
704 2711 796 2769 verbis
810 2712 873 2788 ejus
887 2711 1033 2769 consilium
1052 2711 1204 2788 reprehen-

257 2791 332 2849 dere.
375 2790 440 2848 Non
461 2792 534 2847 enim
555 2790 578 2847 si
604 2790 652 2848 tibi
672 2809 706 2847 ea
726 2809 771 2847 res
791 2799 874 2867 grata
897 2790 1005 2856 fuisset,
1020 2798 1095 2847 esset
1118 2789 1205 2847 etiam

257 2871 385 2948 probata.
429 2875 475 2926 24.
497 2869 554 2927 Sed
578 2869 637 2946 jam
661 2870 716 2926 hoc
740 2876 832 2925 totum
857 2869 972 2936 omitto;
1004 2888 1060 2925 non
1083 2876 1143 2927 tam
1168 2887 1205 2926 ne

257 2949 398 3007 offendam
413 2955 476 3004 tuas
491 2947 708 3025 patientissimas
729 2965 819 3014 aures,
834 2966 919 3022 quam
933 2966 968 3004 ne
988 2947 1111 3012 Tubero,
1126 2946 1204 3023 quod

256 3046 401 3103 nunquam
425 3027 568 3104 cogitavit,
589 3027 715 3083 facturus
740 3025 825 3082 fuisse
848 3024 984 3083 videatur.
1040 3024 1205 3083 Veniebatis

209 3118 247 3172 35
256 3106 341 3183 igitur
354 3106 382 3162 in
395 3104 523 3162 Africam
538 3104 718 3181 provinciam,
728 3122 812 3159 unam
823 3121 858 3161 er
867 3104 996 3161 omnibus
1009 3104 1074 3161 huic
1083 3103 1205 3161 victoriae

257 3185 377 3242 maxime
398 3183 536 3249 infestam,
558 3183 586 3240 in
606 3201 663 3258 qua
678 3191 740 3239 erat
759 3201 809 3239 rex
833 3183 1053 3259 potentissimus,
1077 3182 1205 3240 inimicus

256 3263 322 3321 huic
344 3282 448 3328 causae,
464 3262 554 3319 aliena
568 3261 706 3326 voluntas,
729 3271 883 3318 conventus
898 3261 970 3317 firmi
992 3269 1079 3337 atque
1099 3262 1204 3338 magni.

257 3341 368 3410 Quaero,
380 3341 447 3418 quid
456 3340 558 3398 facturi
569 3338 667 3396 frustis.
698 3339 886 3414 Quamquam,
898 3339 965 3415 quid
976 3339 1077 3396 facturi
1087 3339 1204 3407 fueritis,

256 3419 392 3486 dubitem,
418 3438 506 3496 quum
527 3418 645 3483 videam,
670 3416 737 3493 quid
759 3415 901 3474 feceritis?
929 3417 1067 3475 Prohibiti
1091 3418 1158 3474 estis
1177 3419 1206 3475 in

209 3510 248 3565 40
257 3497 398 3576 provincia
421 3505 515 3554 vestra
539 3496 641 3573 pedem
666 3514 780 3571 ponere,
800 3503 829 3551 et
853 3496 985 3571 prohibiti
1005 3515 1116 3553 summa
1140 3516 1206 3553 oum

256 3576 365 3654 injuria
408 3581 453 3633 25.
476 3573 626 3643 Quomodo
647 3574 675 3630 id
693 3573 818 3630 tulistis?
860 3576 998 3650 Accepta
1012 3574 1120 3651 injuriae
1137 3594 1205 3650 que·

256 3656 344 3713 relam
357 3653 395 3711 ad
410 3672 494 3730 quem
515 3651 676 3708 detulistis?
719 3652 829 3728 Nempe
843 3653 881 3709 ad
900 3672 973 3719 eum,
989 3654 1071 3729 cujus
1085 3653 1206 3710 auetori-

257 3741 345 3793 tatem
359 3730 448 3790 secuti
461 3730 490 3786 in
503 3731 665 3788 societatem
679 3730 745 3788 belli
759 3731 905 3787 veneratis.
948 3731 1032 3800 Quod
1047 3732 1070 3788 si
1085 3732 1206 3790 Caesaris

256 3832 342 3875 causa
362 3813 391 3873 in
415 3809 587 3891 provinciam
610 3808 773 3877 veniebatis,
793 3808 832 3867 ad
855 3827 922 3867 eum
945 3809 1073 3888 profecto
1098 3808 1207 3869 exclusi
