<?xml version="1.0" encoding="UTF-8"?>
<!DOCTYPE html PUBLIC "-//W3C//DTD XHTML 1.0 Transitional//EN"
    "http://www.w3.org/TR/xhtml1/DTD/xhtml1-transitional.dtd">
<html xmlns="http://www.w3.org/1999/xhtml" xml:lang="en" lang="en">
 <head>
  <title>
</title>
<meta http-equiv="Content-Type" content="text/html;charset=utf-8" />
  <meta name='ocr-system' content='tesseract 3.04.00' />
  <meta name='ocr-capabilities' content='ocr_page ocr_carea ocr_par ocr_line ocrx_word'/>
</head>
<body>
  <div class='ocr_page' id='page_1' title='image "./selectorationsm03cicegoog_0105.png"; bbox 0 0 2742 4384; ppageno 0'>
   <div class='ocr_carea' id='block_1_1' title="bbox 360 257 1155 318">
    <p class='ocr_par' dir='ltr' id='par_1_1' title="bbox 360 257 1155 318">
     <span class='ocr_line' id='line_1_1' title="bbox 360 257 1155 318; baseline 0.004 -13"><span class='ocrx_word' id='word_1_1' title='bbox 360 266 420 306; x_wconf 78' lang='lat' dir='ltr'>eno</span> <span class='ocrx_word' id='word_1_2' title='bbox 434 266 464 308; x_wconf 79' lang='grc' dir='ltr'>ι.</span> <span class='ocrx_word' id='word_1_3' title='bbox 478 266 728 316; x_wconf 72' lang='lat' dir='ltr'>cremonensem,</span> <span class='ocrx_word' id='word_1_4' title='bbox 743 265 810 308; x_wconf 78' lang='lat' dir='ltr'>cae.</span> <span class='ocrx_word' id='word_1_5' title='bbox 825 267 865 318; x_wconf 75' lang='grc' dir='ltr'>ιν,</span> <span class='ocrx_word' id='word_1_6' title='bbox 879 267 907 309; x_wconf 83' lang='lat' dir='ltr'>v.</span> <span class='ocrx_word' id='word_1_7' title='bbox 1116 257 1155 313; x_wconf 71' lang='grc'>99</span> 
     </span>
    </p>
   </div>
   <div class='ocr_carea' id='block_1_2' title="bbox 151 394 1132 789">
    <p class='ocr_par' dir='ltr' id='par_1_2' title="bbox 151 394 1132 789">
     <span class='ocr_line' id='line_1_2' title="bbox 152 394 1106 473; baseline 0.001 -19"><span class='ocrx_word' id='word_1_8' title='bbox 152 394 272 454; x_wconf 90' lang='lat' dir='ltr'>domum</span> <span class='ocrx_word' id='word_1_9' title='bbox 286 394 448 453; x_wconf 82' lang='lat' dir='ltr'>devinctam</span> <span class='ocrx_word' id='word_1_10' title='bbox 463 396 666 454; x_wconf 85' lang='lat' dir='ltr'>consuetudine</span> <span class='ocrx_word' id='word_1_11' title='bbox 685 415 775 473; x_wconf 86' lang='lat' dir='ltr'>quum</span> <span class='ocrx_word' id='word_1_12' title='bbox 797 404 915 463; x_wconf 84' lang='lat' dir='ltr'>teneret,</span> <span class='ocrx_word' id='word_1_13' title='bbox 930 396 1106 455; x_wconf 84' lang='lat' dir='ltr'>efficiebatur</span> 
     </span>
     <span class='ocr_line' id='line_1_3' title="bbox 152 474 1105 552; baseline 0.001 -20"><span class='ocrx_word' id='word_1_14' title='bbox 152 493 267 532; x_wconf 90' lang='lat' dir='ltr'>summo</span> <span class='ocrx_word' id='word_1_15' title='bbox 280 474 396 540; x_wconf 81' lang='lat' dir='ltr'>honore,</span> <span class='ocrx_word' id='word_1_16' title='bbox 411 474 490 551; x_wconf 91' lang='lat' dir='ltr'>quod</span> <span class='ocrx_word' id='word_1_17' title='bbox 511 493 578 531; x_wconf 89' lang='lat' dir='ltr'>eum</span> <span class='ocrx_word' id='word_1_18' title='bbox 591 493 646 531; x_wconf 91' lang='lat' dir='ltr'>non</span> <span class='ocrx_word' id='word_1_19' title='bbox 660 475 753 532; x_wconf 91' lang='lat' dir='ltr'>solum</span> <span class='ocrx_word' id='word_1_20' title='bbox 774 477 913 541; x_wconf 83' lang='lat' dir='ltr'>colebant,</span> <span class='ocrx_word' id='word_1_21' title='bbox 929 476 977 552; x_wconf 88' lang='lat' dir='ltr'>qui</span> <span class='ocrx_word' id='word_1_22' title='bbox 997 475 1105 552; x_wconf 89' lang='lat' dir='ltr'>aliquid</span> 
     </span>
     <span class='ocr_line' id='line_1_4' title="bbox 151 551 1104 643; baseline 0.001 -32"><span class='ocrx_word' id='word_1_23' title='bbox 151 555 300 643; x_wconf 62' lang='lat' dir='ltr'>percipere</span> <span class='ocrx_word' id='word_1_24' title='bbox 314 561 401 629; x_wconf 88' lang='lat' dir='ltr'>atque</span> <span class='ocrx_word' id='word_1_25' title='bbox 415 553 514 610; x_wconf 85' lang='lat' dir='ltr'>audire</span> <span class='ocrx_word' id='word_1_26' title='bbox 529 551 692 619; x_wconf 85' lang='lat' dir='ltr'>studebant,</span> <span class='ocrx_word' id='word_1_27' title='bbox 708 554 916 620; x_wconf 84' lang='lat' dir='ltr'>verumetiam,</span> <span class='ocrx_word' id='word_1_28' title='bbox 931 555 1017 632; x_wconf 87' lang='lat' dir='ltr'>siqui</span> <span class='ocrx_word' id='word_1_29' title='bbox 1032 555 1104 621; x_wconf 85' lang='lat' dir='ltr'>sorte</span> 
     </span>
     <span class='ocr_line' id='line_1_5' title="bbox 151 634 1132 789; baseline 0.003 -21"><span class='ocrx_word' id='word_1_30' title='bbox 151 634 387 768; x_wconf 50' lang='lat' dir='ltr'>milliblarilirim</span> <span class='ocrx_word' id='word_1_31' title='bbox 401 710 471 767; x_wconf 82' lang='lat' dir='ltr'>sutis</span> <span class='ocrx_word' id='word_1_32' title='bbox 494 709 581 787; x_wconf 88' lang='lat' dir='ltr'>longo</span> <span class='ocrx_word' id='word_1_33' title='bbox 604 709 761 778; x_wconf 80' lang='lat' dir='ltr'>intervallo,</span> <span class='ocrx_word' id='word_1_34' title='bbox 776 731 865 789; x_wconf 91' lang='lat' dir='ltr'>quum</span> <span class='ocrx_word' id='word_1_35' title='bbox 886 719 961 769; x_wconf 89' lang='lat' dir='ltr'>esset</span> <span class='ocrx_word' id='word_1_36' title='bbox 982 732 1047 770; x_wconf 88' lang='lat' dir='ltr'>cum</span> <span class='ocrx_word' id='word_1_37' title='bbox 1070 712 1132 772; x_wconf 64' lang='lat' dir='ltr'>lat</span> 
     </span>
    </p>
   </div>
   <div class='ocr_carea' id='block_1_3' title="bbox 16 788 1217 3860">
    <p class='ocr_par' dir='ltr' id='par_1_3' title="bbox 149 788 1217 2207">
     <span class='ocr_line' id='line_1_6' title="bbox 150 788 1102 868; baseline 0.003 -22"><span class='ocrx_word' id='word_1_38' title='bbox 150 790 276 846; x_wconf 89' lang='lat' dir='ltr'>Lucullo</span> <span class='ocrx_word' id='word_1_39' title='bbox 290 788 320 845; x_wconf 91' lang='lat' dir='ltr'>in</span> <span class='ocrx_word' id='word_1_40' title='bbox 332 789 457 846; x_wconf 84' lang='lat' dir='ltr'>Siciliam</span> <span class='ocrx_word' id='word_1_41' title='bbox 478 789 623 865; x_wconf 90' lang='lat' dir='ltr'>profectus</span> <span class='ocrx_word' id='word_1_42' title='bbox 636 796 666 845; x_wconf 91' lang='lat' dir='ltr'>et</span> <span class='ocrx_word' id='word_1_43' title='bbox 679 808 768 866; x_wconf 88' lang='lat' dir='ltr'>quum</span> <span class='ocrx_word' id='word_1_44' title='bbox 783 810 818 847; x_wconf 84' lang='lat' dir='ltr'>ex</span> <span class='ocrx_word' id='word_1_45' title='bbox 832 809 867 848; x_wconf 85' lang='lat' dir='ltr'>ea</span> <span class='ocrx_word' id='word_1_46' title='bbox 879 791 1023 868; x_wconf 81' lang='lat' dir='ltr'>provincia</span> <span class='ocrx_word' id='word_1_47' title='bbox 1037 810 1102 849; x_wconf 88' lang='lat' dir='ltr'>cum</span> 
     </span>
     <span class='ocr_line' id='line_1_7' title="bbox 149 867 1102 947; baseline 0.004 -23"><span class='ocrx_word' id='word_1_48' title='bbox 149 868 254 924; x_wconf 86' lang='lat' dir='ltr'>eodem</span> <span class='ocrx_word' id='word_1_49' title='bbox 279 868 400 924; x_wconf 92' lang='lat' dir='ltr'>Lucullo</span> <span class='ocrx_word' id='word_1_50' title='bbox 420 867 581 933; x_wconf 81' lang='lat' dir='ltr'>decederet,</span> <span class='ocrx_word' id='word_1_51' title='bbox 602 868 679 925; x_wconf 83' lang='lat' dir='ltr'>venit</span> <span class='ocrx_word' id='word_1_52' title='bbox 704 868 873 927; x_wconf 75' lang='lat' dir='ltr'>Heracliam.</span> <span class='ocrx_word' id='word_1_53' title='bbox 916 870 988 940; x_wconf 72' lang='lat' dir='ltr'>Qua</span> <span class='ocrx_word' id='word_1_54' title='bbox 1012 890 1102 947; x_wconf 89' lang='lat' dir='ltr'>quum</span> 
     </span>
     <span class='ocr_line' id='line_1_8' title="bbox 149 945 1101 1023; baseline 0.005 -21"><span class='ocrx_word' id='word_1_55' title='bbox 149 955 227 1002; x_wconf 86' lang='lat' dir='ltr'>esset</span> <span class='ocrx_word' id='word_1_56' title='bbox 241 946 340 1004; x_wconf 85' lang='lat' dir='ltr'>civitas</span> <span class='ocrx_word' id='word_1_57' title='bbox 356 945 518 1021; x_wconf 75' lang='lat' dir='ltr'>aequissimo</span> <span class='ocrx_word' id='word_1_58' title='bbox 535 946 600 1023; x_wconf 90' lang='lat' dir='ltr'>jure</span> <span class='ocrx_word' id='word_1_59' title='bbox 620 964 654 1003; x_wconf 86' lang='lat' dir='ltr'>ac</span> <span class='ocrx_word' id='word_1_60' title='bbox 668 945 786 1013; x_wconf 83' lang='lat' dir='ltr'>foedere,</span> <span class='ocrx_word' id='word_1_61' title='bbox 801 948 924 1006; x_wconf 85' lang='lat' dir='ltr'>cdscnhi</span> <span class='ocrx_word' id='word_1_62' title='bbox 944 968 974 1005; x_wconf 85' lang='lat' dir='ltr'>se</span> <span class='ocrx_word' id='word_1_63' title='bbox 995 948 1023 1006; x_wconf 91' lang='lat' dir='ltr'>in</span> <span class='ocrx_word' id='word_1_64' title='bbox 1037 969 1101 1007; x_wconf 85' lang='lat' dir='ltr'>eam</span> 
     </span>
     <span class='ocr_line' id='line_1_9' title="bbox 149 1020 1100 1104; baseline 0.004 -23"><span class='ocrx_word' id='word_1_65' title='bbox 149 1025 295 1082; x_wconf 81' lang='lat' dir='ltr'>civitatem</span> <span class='ocrx_word' id='word_1_66' title='bbox 306 1025 410 1081; x_wconf 85' lang='lat' dir='ltr'>voluit:</span> <span class='ocrx_word' id='word_1_67' title='bbox 432 1020 526 1099; x_wconf 85' lang='lat' dir='ltr'>idque,</span> <span class='ocrx_word' id='word_1_68' title='bbox 542 1043 631 1100; x_wconf 90' lang='lat' dir='ltr'>quum</span> <span class='ocrx_word' id='word_1_69' title='bbox 644 1024 706 1101; x_wconf 89' lang='lat' dir='ltr'>ipse</span> <span class='ocrx_word' id='word_1_70' title='bbox 720 1045 772 1102; x_wconf 89' lang='lat' dir='ltr'>per</span> <span class='ocrx_word' id='word_1_71' title='bbox 785 1045 816 1083; x_wconf 88' lang='lat' dir='ltr'>se</span> <span class='ocrx_word' id='word_1_72' title='bbox 827 1027 853 1084; x_wconf 93' lang='lat' dir='ltr'>d&#39;</span> <span class='ocrx_word' id='word_1_73' title='bbox 896 1047 929 1083; x_wconf 89' lang='lat' dir='ltr'>us</span> <span class='ocrx_word' id='word_1_74' title='bbox 944 1036 1100 1104; x_wconf 88' lang='lat' dir='ltr'>putaretur,</span> 
     </span>
     <span class='ocr_line' id='line_1_10' title="bbox 149 1047 1151 1185; baseline 0.003 -24"><span class='ocrx_word' id='word_1_75' title='bbox 149 1110 214 1160; x_wconf 86' lang='lat' dir='ltr'>tum</span> <span class='ocrx_word' id='word_1_76' title='bbox 227 1104 398 1161; x_wconf 85' lang='lat' dir='ltr'>auctoritate</span> <span class='ocrx_word' id='word_1_77' title='bbox 411 1110 442 1160; x_wconf 93' lang='lat' dir='ltr'>et</span> <span class='ocrx_word' id='word_1_78' title='bbox 462 1103 556 1179; x_wconf 83' lang='lat' dir='ltr'>gratia</span> <span class='ocrx_word' id='word_1_79' title='bbox 575 1103 687 1160; x_wconf 81' lang='lat' dir='ltr'>Luculli</span> <span class='ocrx_word' id='word_1_80' title='bbox 706 1105 744 1161; x_wconf 85' lang='lat' dir='ltr'>ab</span> <span class='ocrx_word' id='word_1_81' title='bbox 765 1047 993 1164; x_wconf 54' lang='lat' dir='ltr'>Heraclhldnsibus</span> <span class='ocrx_word' id='word_1_82' title='bbox 1013 1106 1100 1185; x_wconf 90' lang='lat' dir='ltr'>impe·</span> <span class='ocrx_word' id='word_1_83' title='bbox 1114 1111 1151 1164; x_wconf 85' lang='lat'>10</span> 
     </span>
     <span class='ocr_line' id='line_1_11' title="bbox 149 1180 1101 1261; baseline 0.004 -21"><span class='ocrx_word' id='word_1_84' title='bbox 149 1183 244 1240; x_wconf 78' lang='lat' dir='ltr'><strong>travit.</strong></span> <span class='ocrx_word' id='word_1_85' title='bbox 289 1184 316 1240; x_wconf 80' lang='lat'>7.</span> <span class='ocrx_word' id='word_1_86' title='bbox 338 1182 415 1238; x_wconf 85' lang='lat' dir='ltr'>Data</span> <span class='ocrx_word' id='word_1_87' title='bbox 427 1189 472 1239; x_wconf 90' lang='lat' dir='ltr'>est</span> <span class='ocrx_word' id='word_1_88' title='bbox 486 1180 584 1239; x_wconf 86' lang='lat' dir='ltr'>civitas</span> <span class='ocrx_word' id='word_1_89' title='bbox 600 1181 706 1239; x_wconf 85' lang='lat' dir='ltr'>Silvani</span> <span class='ocrx_word' id='word_1_90' title='bbox 719 1184 784 1261; x_wconf 86' lang='lat' dir='ltr'>lege</span> <span class='ocrx_word' id='word_1_91' title='bbox 798 1191 828 1241; x_wconf 89' lang='lat' dir='ltr'>et</span> <span class='ocrx_word' id='word_1_92' title='bbox 843 1185 988 1252; x_wconf 81' lang='lat' dir='ltr'>Carbonis,</span> <span class='ocrx_word' id='word_1_93' title='bbox 1004 1186 1037 1243; x_wconf 82' lang='lat' dir='ltr'>Si</span> <span class='ocrx_word' id='word_1_94' title='bbox 1051 1205 1101 1250; x_wconf 68' lang='grc' dir='ltr'>ιιι</span> 
     </span>
     <span class='ocr_line' id='line_1_12' title="bbox 151 1279 1103 1331; baseline 0.004 -13"><span class='ocrx_word' id='word_1_95' title='bbox 151 1281 322 1318; x_wconf 75' lang='lat' dir='ltr'>amnnnsrus</span> <span class='ocrx_word' id='word_1_96' title='bbox 343 1279 525 1318; x_wconf 77' lang='lat' dir='ltr'>cmrsmsus</span> <span class='ocrx_word' id='word_1_97' title='bbox 545 1279 701 1318; x_wconf 72' lang='lat' dir='ltr'>inscium</span> <span class='ocrx_word' id='word_1_98' title='bbox 722 1281 913 1330; x_wconf 65' lang='lat' dir='ltr'>senecensi</span> <span class='ocrx_word' id='word_1_99' title='bbox 933 1283 1000 1331; x_wconf 79' lang='lat' dir='ltr'>rusi,</span> <span class='ocrx_word' id='word_1_100' title='bbox 1021 1282 1103 1328; x_wconf 79' lang='lat' dir='ltr'>oncri</span> 
     </span>
     <span class='ocr_line' id='line_1_13' title="bbox 151 1358 1102 1409; baseline 0.004 -13"><span class='ocrx_word' id='word_1_101' title='bbox 151 1360 207 1396; x_wconf 73' lang='lat' dir='ltr'>unx</span> <span class='ocrx_word' id='word_1_102' title='bbox 227 1359 408 1406; x_wconf 68' lang='lat' dir='ltr'>scansurus,</span> <span class='ocrx_word' id='word_1_103' title='bbox 430 1358 464 1396; x_wconf 80' lang='lat' dir='ltr'>ru</span> <span class='ocrx_word' id='word_1_104' title='bbox 484 1358 582 1397; x_wconf 77' lang='lat' dir='ltr'>nsum</span> <span class='ocrx_word' id='word_1_105' title='bbox 602 1358 780 1398; x_wconf 75' lang='lat' dir='ltr'>nosncnnus</span> <span class='ocrx_word' id='word_1_106' title='bbox 800 1361 988 1409; x_wconf 76' lang='lat' dir='ltr'>nssu1sssur,</span> <span class='ocrx_word' id='word_1_107' title='bbox 1010 1362 1053 1409; x_wconf 80' lang='lat' dir='ltr'>nr,</span> <span class='ocrx_word' id='word_1_108' title='bbox 1074 1362 1102 1400; x_wconf 80' lang='grc' dir='ltr'>ιι</span> 
     </span>
     <span class='ocr_line' id='line_1_14' title="bbox 151 1428 1100 1480; baseline 0.005 -5"><span class='ocrx_word' id='word_1_109' title='bbox 151 1437 321 1477; x_wconf 74' lang='lat' dir='ltr'>snxscmns</span> <span class='ocrx_word' id='word_1_110' title='bbox 340 1438 446 1476; x_wconf 76' lang='lat' dir='ltr'>niseus</span> <span class='ocrx_word' id='word_1_111' title='bbox 468 1437 545 1475; x_wconf 74' lang='lat' dir='ltr'>secr&gt;</span> <span class='ocrx_word' id='word_1_112' title='bbox 565 1437 730 1477; x_wconf 72' lang='lat' dir='ltr'>runconere</span> <span class='ocrx_word' id='word_1_113' title='bbox 750 1439 856 1477; x_wconf 80' lang='lat' dir='ltr'>nssnnr</span> <span class='ocrx_word' id='word_1_114' title='bbox 876 1439 1022 1479; x_wconf 78' lang='lat' dir='ltr'>rnossssr.</span> <span class='ocrx_word' id='word_1_115' title='bbox 1073 1428 1100 1480; x_wconf 87' lang='lat'>8.</span> 
     </span>
     <span class='ocr_line' id='line_1_15' title="bbox 152 1497 1217 1575; baseline 0.005 -21"><span class='ocrx_word' id='word_1_116' title='bbox 152 1499 248 1566; x_wconf 81' lang='lat' dir='ltr'>Quum</span> <span class='ocrx_word' id='word_1_117' title='bbox 272 1498 320 1555; x_wconf 91' lang='lat' dir='ltr'>hic</span> <span class='ocrx_word' id='word_1_118' title='bbox 343 1497 517 1555; x_wconf 85' lang='lat' dir='ltr'>domicilium</span> <span class='ocrx_word' id='word_1_119' title='bbox 538 1498 639 1556; x_wconf 86' lang='lat' dir='ltr'>Romae</span> <span class='ocrx_word' id='word_1_120' title='bbox 660 1499 766 1556; x_wconf 83' lang='lat' dir='ltr'>multos</span> <span class='ocrx_word' id='word_1_121' title='bbox 785 1498 846 1575; x_wconf 86' lang='lat' dir='ltr'>jam</span> <span class='ocrx_word' id='word_1_122' title='bbox 864 1518 953 1557; x_wconf 86' lang='lat' dir='ltr'>annos</span> <span class='ocrx_word' id='word_1_123' title='bbox 973 1501 1099 1567; x_wconf 86' lang='lat' dir='ltr'>haberet,</span> <span class='ocrx_word' id='word_1_124' title='bbox 1113 1505 1150 1560; x_wconf 82' lang='lat' dir='ltr'>lt</span> <span class='ocrx_word' id='word_1_125' title='bbox 1211 1510 1217 1523; x_wconf 91' lang='lat'>&#39;</span> 
     </span>
     <span class='ocr_line' id='line_1_16' title="bbox 151 1576 1100 1654; baseline 0.005 -21"><span class='ocrx_word' id='word_1_126' title='bbox 151 1578 298 1654; x_wconf 84' lang='lat' dir='ltr'>professus</span> <span class='ocrx_word' id='word_1_127' title='bbox 313 1583 357 1633; x_wconf 90' lang='lat' dir='ltr'>est</span> <span class='ocrx_word' id='word_1_128' title='bbox 370 1576 450 1653; x_wconf 84' lang='lat' dir='ltr'>apud</span> <span class='ocrx_word' id='word_1_129' title='bbox 465 1583 626 1652; x_wconf 86' lang='lat' dir='ltr'>praetorem,</span> <span class='ocrx_word' id='word_1_130' title='bbox 637 1577 671 1645; x_wconf 67' lang='lat' dir='ltr'>Q„</span> <span class='ocrx_word' id='word_1_131' title='bbox 681 1576 838 1651; x_wconf 77' lang='lat' dir='ltr'>Metellum,</span> <span class='ocrx_word' id='word_1_132' title='bbox 854 1579 1100 1637; x_wconf 81' lang='lat' dir='ltr'>ismiharissimnm</span> 
     </span>
     <span class='ocr_line' id='line_1_17' title="bbox 151 1654 1102 1724; baseline 0.006 -13"><span class='ocrx_word' id='word_1_133' title='bbox 151 1675 243 1712; x_wconf 90' lang='lat' dir='ltr'>snum.</span> <span class='ocrx_word' id='word_1_134' title='bbox 286 1655 318 1712; x_wconf 81' lang='lat' dir='ltr'>Si</span> <span class='ocrx_word' id='word_1_135' title='bbox 331 1656 402 1712; x_wconf 88' lang='lat' dir='ltr'>nihil</span> <span class='ocrx_word' id='word_1_136' title='bbox 414 1654 493 1712; x_wconf 85' lang='lat' dir='ltr'>aliud</span> <span class='ocrx_word' id='word_1_137' title='bbox 507 1655 559 1711; x_wconf 87' lang='lat' dir='ltr'>uisi</span> <span class='ocrx_word' id='word_1_138' title='bbox 580 1654 616 1712; x_wconf 88' lang='lat' dir='ltr'>de</span> <span class='ocrx_word' id='word_1_139' title='bbox 630 1656 744 1713; x_wconf 87' lang='lat' dir='ltr'>civitate</span> <span class='ocrx_word' id='word_1_140' title='bbox 756 1675 790 1714; x_wconf 86' lang='lat' dir='ltr'>ac</span> <span class='ocrx_word' id='word_1_141' title='bbox 812 1655 838 1713; x_wconf 88' lang='lat' dir='ltr'>le</span> <span class='ocrx_word' id='word_1_142' title='bbox 860 1676 876 1714; x_wconf 88' lang='lat' dir='ltr'>e</span> <span class='ocrx_word' id='word_1_143' title='bbox 890 1658 1018 1724; x_wconf 76' lang='lat' dir='ltr'>dicimus,</span> <span class='ocrx_word' id='word_1_144' title='bbox 1033 1658 1102 1717; x_wconf 87' lang='lat' dir='ltr'>nihil</span> 
     </span>
     <span class='ocr_line' id='line_1_18' title="bbox 151 1677 1101 1811; baseline 0.003 -20"><span class='ocrx_word' id='word_1_145' title='bbox 151 1735 215 1791; x_wconf 91' lang='lat' dir='ltr'>dico</span> <span class='ocrx_word' id='word_1_146' title='bbox 228 1735 369 1811; x_wconf 87' lang='lat' dir='ltr'>amplius:</span> <span class='ocrx_word' id='word_1_147' title='bbox 391 1751 479 1792; x_wconf 83' lang='lat' dir='ltr'>causa</span> <span class='ocrx_word' id='word_1_148' title='bbox 492 1733 568 1790; x_wconf 86' lang='lat' dir='ltr'>dicte</span> <span class='ocrx_word' id='word_1_149' title='bbox 581 1742 633 1792; x_wconf 89' lang='lat' dir='ltr'>est.</span> <span class='ocrx_word' id='word_1_150' title='bbox 665 1734 741 1803; x_wconf 77' lang='lat' dir='ltr'>Quid</span> <span class='ocrx_word' id='word_1_151' title='bbox 755 1735 829 1793; x_wconf 89' lang='lat' dir='ltr'>enim</span> <span class='ocrx_word' id='word_1_152' title='bbox 839 1677 945 1793; x_wconf 67' lang='lat' dir='ltr'>lorum</span> <span class='ocrx_word' id='word_1_153' title='bbox 959 1737 1101 1803; x_wconf 75' lang='lat' dir='ltr'>infirmati,</span> 
     </span>
     <span class='ocr_line' id='line_1_19' title="bbox 153 1812 1101 1892; baseline 0.001 -22"><span class='ocrx_word' id='word_1_154' title='bbox 153 1813 243 1880; x_wconf 83' lang='lat' dir='ltr'>Grati,</span> <span class='ocrx_word' id='word_1_155' title='bbox 259 1813 378 1891; x_wconf 75' lang='lat' dir='ltr'>potest?</span> <span class='ocrx_word' id='word_1_156' title='bbox 421 1812 598 1869; x_wconf 83' lang='lat' dir='ltr'>Heraclisene</span> <span class='ocrx_word' id='word_1_157' title='bbox 611 1831 674 1871; x_wconf 87' lang='lat' dir='ltr'>esse</span> <span class='ocrx_word' id='word_1_158' title='bbox 695 1821 757 1871; x_wconf 91' lang='lat' dir='ltr'>tum</span> <span class='ocrx_word' id='word_1_159' title='bbox 770 1815 947 1892; x_wconf 88' lang='lat' dir='ltr'>adscriptum</span> <span class='ocrx_word' id='word_1_160' title='bbox 960 1834 995 1873; x_wconf 90' lang='lat' dir='ltr'>ne</span> <span class='ocrx_word' id='word_1_161' title='bbox 1035 1815 1101 1872; x_wconf 76' lang='lat' dir='ltr'>bis?</span> 
     </span>
     <span class='ocr_line' id='line_1_20' title="bbox 150 1891 1151 1971; baseline 0.001 -23"><span class='ocrx_word' id='word_1_162' title='bbox 150 1891 247 1949; x_wconf 88' lang='lat' dir='ltr'>Adest</span> <span class='ocrx_word' id='word_1_163' title='bbox 260 1892 303 1950; x_wconf 83' lang='lat' dir='ltr'>vir</span> <span class='ocrx_word' id='word_1_164' title='bbox 316 1910 429 1949; x_wconf 85' lang='lat' dir='ltr'>summa</span> <span class='ocrx_word' id='word_1_165' title='bbox 442 1891 609 1948; x_wconf 85' lang='lat' dir='ltr'>anctoritate</span> <span class='ocrx_word' id='word_1_166' title='bbox 622 1899 652 1949; x_wconf 91' lang='lat' dir='ltr'>et</span> <span class='ocrx_word' id='word_1_167' title='bbox 672 1892 806 1971; x_wconf 86' lang='lat' dir='ltr'>religione</span> <span class='ocrx_word' id='word_1_168' title='bbox 820 1901 849 1951; x_wconf 89' lang='lat' dir='ltr'>et</span> <span class='ocrx_word' id='word_1_169' title='bbox 870 1893 935 1959; x_wconf 83' lang='lat' dir='ltr'>lide,</span> <span class='ocrx_word' id='word_1_170' title='bbox 951 1893 982 1951; x_wconf 90' lang='lat' dir='ltr'>L.</span> <span class='ocrx_word' id='word_1_171' title='bbox 1023 1892 1101 1950; x_wconf 85' lang='lat' dir='ltr'>ucul-</span> <span class='ocrx_word' id='word_1_172' title='bbox 1113 1895 1151 1949; x_wconf 81' lang='lat'>20</span> 
     </span>
     <span class='ocr_line' id='line_1_21' title="bbox 149 1970 1100 2047; baseline 0.002 -20"><span class='ocrx_word' id='word_1_173' title='bbox 149 1970 205 2036; x_wconf 88' lang='lat' dir='ltr'>lus,</span> <span class='ocrx_word' id='word_1_174' title='bbox 220 1971 269 2047; x_wconf 87' lang='lat' dir='ltr'>qui</span> <span class='ocrx_word' id='word_1_175' title='bbox 283 1989 315 2028; x_wconf 86' lang='lat' dir='ltr'>se</span> <span class='ocrx_word' id='word_1_176' title='bbox 327 1990 384 2028; x_wconf 92' lang='lat' dir='ltr'>non</span> <span class='ocrx_word' id='word_1_177' title='bbox 397 1970 515 2047; x_wconf 84' lang='lat' dir='ltr'>opinari,</span> <span class='ocrx_word' id='word_1_178' title='bbox 530 1970 580 2028; x_wconf 88' lang='lat' dir='ltr'>sed</span> <span class='ocrx_word' id='word_1_179' title='bbox 594 1971 674 2038; x_wconf 86' lang='lat' dir='ltr'>scire,</span> <span class='ocrx_word' id='word_1_180' title='bbox 689 1991 746 2029; x_wconf 93' lang='lat' dir='ltr'>non</span> <span class='ocrx_word' id='word_1_181' title='bbox 758 1971 909 2039; x_wconf 85' lang='lat' dir='ltr'>audivisse,</span> <span class='ocrx_word' id='word_1_182' title='bbox 924 1971 975 2029; x_wconf 87' lang='lat' dir='ltr'>sed</span> <span class='ocrx_word' id='word_1_183' title='bbox 990 1972 1100 2039; x_wconf 80' lang='lat' dir='ltr'>vidisse,</span> 
     </span>
     <span class='ocr_line' id='line_1_22' title="bbox 149 2049 1101 2127; baseline 0.003 -21"><span class='ocrx_word' id='word_1_184' title='bbox 149 2068 208 2107; x_wconf 91' lang='lat' dir='ltr'>non</span> <span class='ocrx_word' id='word_1_185' title='bbox 234 2050 404 2116; x_wconf 77' lang='lat' dir='ltr'>interfuisse,</span> <span class='ocrx_word' id='word_1_186' title='bbox 432 2049 485 2106; x_wconf 88' lang='lat' dir='ltr'>sed</span> <span class='ocrx_word' id='word_1_187' title='bbox 512 2050 603 2127; x_wconf 83' lang='lat' dir='ltr'>egisse</span> <span class='ocrx_word' id='word_1_188' title='bbox 631 2050 707 2109; x_wconf 89' lang='lat' dir='ltr'>dicit.</span> <span class='ocrx_word' id='word_1_189' title='bbox 761 2051 879 2110; x_wconf 80' lang='lat' dir='ltr'>Adsunt</span> <span class='ocrx_word' id='word_1_190' title='bbox 906 2051 1101 2109; x_wconf 82' lang='lat' dir='ltr'>Heraclienses</span> 
     </span>
     <span class='ocr_line' id='line_1_23' title="bbox 150 2128 1100 2207; baseline 0.003 -21"><span class='ocrx_word' id='word_1_191' title='bbox 150 2129 247 2205; x_wconf 85' lang='lat' dir='ltr'>legati,</span> <span class='ocrx_word' id='word_1_192' title='bbox 261 2128 427 2187; x_wconf 86' lang='lat' dir='ltr'>nobilissimi</span> <span class='ocrx_word' id='word_1_193' title='bbox 447 2128 590 2186; x_wconf 88' lang='lat' dir='ltr'>homines:</span> <span class='ocrx_word' id='word_1_194' title='bbox 612 2129 699 2207; x_wconf 88' lang='lat' dir='ltr'>hujus</span> <span class='ocrx_word' id='word_1_195' title='bbox 716 2129 814 2206; x_wconf 84' lang='lat' dir='ltr'>judicii</span> <span class='ocrx_word' id='word_1_196' title='bbox 834 2149 1003 2188; x_wconf 85' lang='lat' dir='ltr'>causacum</span> <span class='ocrx_word' id='word_1_197' title='bbox 1023 2150 1100 2189; x_wconf 83' lang='lat' dir='ltr'>man·</span> 
     </span>
    </p>

    <p class='ocr_par' dir='ltr' id='par_1_4' title="bbox 16 2207 1100 2285">
     <span class='ocr_line' id='line_1_24' title="bbox 16 2207 1100 2285; baseline 0.003 -21"><span class='ocrx_word' id='word_1_198' title='bbox 16 2270 18 2285; x_wconf 30' lang='lat'>¹</span> <span class='ocrx_word' id='word_1_199' title='bbox 151 2207 225 2264; x_wconf 86' lang='lat' dir='ltr'>datis</span> <span class='ocrx_word' id='word_1_200' title='bbox 250 2214 281 2265; x_wconf 89' lang='lat' dir='ltr'>et</span> <span class='ocrx_word' id='word_1_201' title='bbox 306 2228 371 2266; x_wconf 88' lang='lat' dir='ltr'>cum</span> <span class='ocrx_word' id='word_1_202' title='bbox 394 2207 510 2285; x_wconf 89' lang='lat' dir='ltr'>pubhco</span> <span class='ocrx_word' id='word_1_203' title='bbox 533 2208 694 2265; x_wconf 89' lang='lat' dir='ltr'>testimonio</span> <span class='ocrx_word' id='word_1_204' title='bbox 716 2218 861 2275; x_wconf 90' lang='lat' dir='ltr'>venerunt,</span> <span class='ocrx_word' id='word_1_205' title='bbox 883 2210 931 2285; x_wconf 92' lang='lat' dir='ltr'>qui</span> <span class='ocrx_word' id='word_1_206' title='bbox 953 2211 1029 2267; x_wconf 89' lang='lat' dir='ltr'>hunc</span> <span class='ocrx_word' id='word_1_207' title='bbox 1050 2208 1100 2266; x_wconf 86' lang='lat' dir='ltr'>ed·</span> 
     </span>
    </p>

    <p class='ocr_par' dir='ltr' id='par_1_5' title="bbox 16 2278 1150 3370">
     <span class='ocr_line' id='line_1_25' title="bbox 16 2278 1150 2365; baseline 0.005 -26"><span class='ocrx_word' id='word_1_208' title='bbox 16 2288 18 2339; x_wconf 68' lang='lat' dir='ltr'>f</span> <span class='ocrx_word' id='word_1_209' title='bbox 90 2278 139 2333; x_wconf 51' lang='grc' dir='ltr'>ῥ’</span> <span class='ocrx_word' id='word_1_210' title='bbox 151 2287 291 2365; x_wconf 84' lang='lat' dir='ltr'>scriptum</span> <span class='ocrx_word' id='word_1_211' title='bbox 310 2287 523 2345; x_wconf 85' lang='lat' dir='ltr'>Heracliensem</span> <span class='ocrx_word' id='word_1_212' title='bbox 545 2287 650 2345; x_wconf 92' lang='lat' dir='ltr'>dicunt.</span> <span class='ocrx_word' id='word_1_213' title='bbox 696 2287 751 2344; x_wconf 91' lang='lat' dir='ltr'>Hic</span> <span class='ocrx_word' id='word_1_214' title='bbox 771 2295 804 2344; x_wconf 91' lang='lat' dir='ltr'>tn</span> <span class='ocrx_word' id='word_1_215' title='bbox 823 2289 936 2346; x_wconf 85' lang='lat' dir='ltr'>tabulas</span> <span class='ocrx_word' id='word_1_216' title='bbox 956 2287 1101 2346; x_wconf 81' lang='lat' dir='ltr'>desideras</span> <span class='ocrx_word' id='word_1_217' title='bbox 1113 2290 1150 2345; x_wconf 70' lang='lat'>25</span> 
     </span>
     <span class='ocr_line' id='line_1_26' title="bbox 151 2366 1102 2443; baseline 0.002 -21"><span class='ocrx_word' id='word_1_218' title='bbox 151 2367 377 2425; x_wconf 85' lang='lat' dir='ltr'>Heracliensium</span> <span class='ocrx_word' id='word_1_219' title='bbox 391 2366 529 2443; x_wconf 86' lang='lat' dir='ltr'>publicas,</span> <span class='ocrx_word' id='word_1_220' title='bbox 544 2385 615 2443; x_wconf 84' lang='lat' dir='ltr'>quus</span> <span class='ocrx_word' id='word_1_221' title='bbox 633 2366 734 2423; x_wconf 82' lang='lat' dir='ltr'>Itehco</span> <span class='ocrx_word' id='word_1_222' title='bbox 747 2367 823 2425; x_wconf 90' lang='lat' dir='ltr'>bello</span> <span class='ocrx_word' id='word_1_223' title='bbox 835 2366 949 2425; x_wconf 87' lang='lat' dir='ltr'>incenso</span> <span class='ocrx_word' id='word_1_224' title='bbox 963 2366 1102 2424; x_wconf 83' lang='lat' dir='ltr'>tabulario</span> 
     </span>
     <span class='ocr_line' id='line_1_27' title="bbox 150 2444 1100 2523; baseline 0.001 -21"><span class='ocrx_word' id='word_1_225' title='bbox 150 2445 279 2503; x_wconf 86' lang='lat' dir='ltr'>interisse</span> <span class='ocrx_word' id='word_1_226' title='bbox 291 2448 396 2504; x_wconf 88' lang='lat' dir='ltr'>scimus</span> <span class='ocrx_word' id='word_1_227' title='bbox 406 2463 513 2503; x_wconf 87' lang='lat' dir='ltr'>omnes.</span> <span class='ocrx_word' id='word_1_228' title='bbox 535 2445 587 2502; x_wconf 85' lang='lat' dir='ltr'>Est</span> <span class='ocrx_word' id='word_1_229' title='bbox 601 2445 750 2502; x_wconf 87' lang='lat' dir='ltr'>ridiculum</span> <span class='ocrx_word' id='word_1_230' title='bbox 764 2444 801 2502; x_wconf 88' lang='lat' dir='ltr'>ad</span> <span class='ocrx_word' id='word_1_231' title='bbox 815 2464 857 2513; x_wconf 84' lang='lat' dir='ltr'>ea,</span> <span class='ocrx_word' id='word_1_232' title='bbox 872 2465 938 2523; x_wconf 79' lang='lat' dir='ltr'>quae</span> <span class='ocrx_word' id='word_1_233' title='bbox 953 2446 1100 2513; x_wconf 83' lang='lat' dir='ltr'>habemus,</span> 
     </span>
     <span class='ocr_line' id='line_1_28' title="bbox 151 2524 1100 2601; baseline 0.002 -20"><span class='ocrx_word' id='word_1_234' title='bbox 151 2524 220 2581; x_wconf 90' lang='lat' dir='ltr'>nihil</span> <span class='ocrx_word' id='word_1_235' title='bbox 244 2524 348 2591; x_wconf 88' lang='lat' dir='ltr'>dicere,</span> <span class='ocrx_word' id='word_1_236' title='bbox 372 2541 512 2601; x_wconf 85' lang='lat' dir='ltr'>quaerere,</span> <span class='ocrx_word' id='word_1_237' title='bbox 535 2543 600 2600; x_wconf 86' lang='lat' dir='ltr'>quae</span> <span class='ocrx_word' id='word_1_238' title='bbox 625 2524 731 2581; x_wconf 89' lang='lat' dir='ltr'>habere</span> <span class='ocrx_word' id='word_1_239' title='bbox 752 2543 809 2581; x_wconf 92' lang='lat' dir='ltr'>non</span> <span class='ocrx_word' id='word_1_240' title='bbox 830 2544 989 2600; x_wconf 83' lang='lat' dir='ltr'>possumus,</span> <span class='ocrx_word' id='word_1_241' title='bbox 1011 2533 1042 2583; x_wconf 89' lang='lat' dir='ltr'>et</span> <span class='ocrx_word' id='word_1_242' title='bbox 1064 2524 1100 2584; x_wconf 93' lang='lat' dir='ltr'>de</span> 
     </span>
     <span class='ocr_line' id='line_1_29' title="bbox 152 2602 1100 2681; baseline 0.002 -22"><span class='ocrx_word' id='word_1_243' title='bbox 152 2603 299 2660; x_wconf 90' lang='lat' dir='ltr'>hominum</span> <span class='ocrx_word' id='word_1_244' title='bbox 320 2603 458 2660; x_wconf 81' lang='lat' dir='ltr'>memoria</span> <span class='ocrx_word' id='word_1_245' title='bbox 480 2608 582 2669; x_wconf 85' lang='lat' dir='ltr'>tacere,</span> <span class='ocrx_word' id='word_1_246' title='bbox 604 2602 750 2660; x_wconf 82' lang='lat' dir='ltr'>literarum</span> <span class='ocrx_word' id='word_1_247' title='bbox 769 2603 934 2660; x_wconf 85' lang='lat' dir='ltr'>memoriam</span> <span class='ocrx_word' id='word_1_248' title='bbox 955 2603 1100 2681; x_wconf 81' lang='lat' dir='ltr'>flagitare;</span> 
     </span>
     <span class='ocr_line' id='line_1_30' title="bbox 153 2681 1150 2772; baseline 0.001 -35"><span class='ocrx_word' id='word_1_249' title='bbox 153 2688 189 2748; x_wconf 91' lang='lat' dir='ltr'>et,</span> <span class='ocrx_word' id='word_1_250' title='bbox 212 2702 304 2758; x_wconf 91' lang='lat' dir='ltr'>quum</span> <span class='ocrx_word' id='word_1_251' title='bbox 331 2682 439 2739; x_wconf 82' lang='lat' dir='ltr'>habeas</span> <span class='ocrx_word' id='word_1_252' title='bbox 460 2681 624 2757; x_wconf 83' lang='lat' dir='ltr'>amphssimi</span> <span class='ocrx_word' id='word_1_253' title='bbox 650 2681 702 2738; x_wconf 76' lang='lat' dir='ltr'>tiri</span> <span class='ocrx_word' id='word_1_254' title='bbox 728 2681 899 2759; x_wconf 87' lang='lat' dir='ltr'>religionem,</span> <span class='ocrx_word' id='word_1_255' title='bbox 930 2681 1100 2772; x_wconf 74' lang='lat' dir='ltr'>integerrimi</span> <span class='ocrx_word' id='word_1_256' title='bbox 1111 2686 1150 2739; x_wconf 79' lang='lat'>30</span> 
     </span>
     <span class='ocr_line' id='line_1_31' title="bbox 152 2759 1101 2838; baseline 0.002 -22"><span class='ocrx_word' id='word_1_257' title='bbox 152 2761 296 2838; x_wconf 89' lang='lat' dir='ltr'>municipii</span> <span class='ocrx_word' id='word_1_258' title='bbox 314 2760 362 2837; x_wconf 89' lang='lat' dir='ltr'>jus</span> <span class='ocrx_word' id='word_1_259' title='bbox 375 2759 529 2837; x_wconf 83' lang='lat' dir='ltr'>jurandum</span> <span class='ocrx_word' id='word_1_260' title='bbox 550 2759 701 2836; x_wconf 86' lang='lat' dir='ltr'>fidemque,</span> <span class='ocrx_word' id='word_1_261' title='bbox 716 2778 758 2826; x_wconf 84' lang='lat' dir='ltr'>ea,</span> <span class='ocrx_word' id='word_1_262' title='bbox 774 2779 840 2836; x_wconf 85' lang='lat' dir='ltr'>quae</span> <span class='ocrx_word' id='word_1_263' title='bbox 855 2760 1003 2837; x_wconf 77' lang='lat' dir='ltr'>depravari</span> <span class='ocrx_word' id='word_1_264' title='bbox 1023 2761 1101 2818; x_wconf 90' lang='lat' dir='ltr'>nullo</span> 
     </span>
     <span class='ocr_line' id='line_1_32' title="bbox 152 2838 1101 2917; baseline 0.002 -22"><span class='ocrx_word' id='word_1_265' title='bbox 152 2840 238 2897; x_wconf 90' lang='lat' dir='ltr'>modo</span> <span class='ocrx_word' id='word_1_266' title='bbox 261 2847 393 2917; x_wconf 79' lang='lat' dir='ltr'>possunt,</span> <span class='ocrx_word' id='word_1_267' title='bbox 413 2838 572 2915; x_wconf 84' lang='lat' dir='ltr'>repudiare,</span> <span class='ocrx_word' id='word_1_268' title='bbox 593 2839 715 2904; x_wconf 85' lang='lat' dir='ltr'>tabulas,</span> <span class='ocrx_word' id='word_1_269' title='bbox 730 2858 801 2914; x_wconf 84' lang='lat' dir='ltr'>quas</span> <span class='ocrx_word' id='word_1_270' title='bbox 822 2838 897 2896; x_wconf 89' lang='lat' dir='ltr'>idem</span> <span class='ocrx_word' id='word_1_271' title='bbox 920 2838 989 2897; x_wconf 91' lang='lat' dir='ltr'>dicis</span> <span class='ocrx_word' id='word_1_272' title='bbox 1010 2839 1101 2897; x_wconf 85' lang='lat' dir='ltr'>solere</span> 
     </span>
     <span class='ocr_line' id='line_1_33' title="bbox 152 2916 1100 2996; baseline -0.001 -21"><span class='ocrx_word' id='word_1_273' title='bbox 152 2918 305 2994; x_wconf 88' lang='lat' dir='ltr'>corrumpi,</span> <span class='ocrx_word' id='word_1_274' title='bbox 321 2918 490 2975; x_wconf 77' lang='lat' dir='ltr'>desiderare.</span> <span class='ocrx_word' id='word_1_275' title='bbox 533 2923 559 2975; x_wconf 84' lang='lat'>9.</span> <span class='ocrx_word' id='word_1_276' title='bbox 580 2917 630 2974; x_wconf 89' lang='lat' dir='ltr'>An</span> <span class='ocrx_word' id='word_1_277' title='bbox 644 2917 816 2975; x_wconf 85' lang='lat' dir='ltr'>domicilium</span> <span class='ocrx_word' id='word_1_278' title='bbox 831 2916 959 2996; x_wconf 69' lang='lat' dir='ltr'>[Romae]</span> <span class='ocrx_word' id='word_1_279' title='bbox 973 2937 1030 2976; x_wconf 91' lang='lat' dir='ltr'>non</span> <span class='ocrx_word' id='word_1_280' title='bbox 1050 2919 1100 2975; x_wconf 85' lang='lat' dir='ltr'>ha·</span> 
     </span>
     <span class='ocr_line' id='line_1_34' title="bbox 152 2995 1101 3073; baseline -0.002 -19"><span class='ocrx_word' id='word_1_281' title='bbox 152 2997 236 3054; x_wconf 84' lang='lat' dir='ltr'>buit‘?</span> <span class='ocrx_word' id='word_1_282' title='bbox 257 2996 308 3073; x_wconf 90' lang='lat' dir='ltr'>qui</span> <span class='ocrx_word' id='word_1_283' title='bbox 327 3003 372 3054; x_wconf 90' lang='lat' dir='ltr'>tot</span> <span class='ocrx_word' id='word_1_284' title='bbox 392 2996 472 3053; x_wconf 85' lang='lat' dir='ltr'>annis</span> <span class='ocrx_word' id='word_1_285' title='bbox 492 3003 557 3053; x_wconf 85' lang='lat' dir='ltr'>ente</span> <span class='ocrx_word' id='word_1_286' title='bbox 573 2995 715 3053; x_wconf 85' lang='lat' dir='ltr'>civitatem</span> <span class='ocrx_word' id='word_1_287' title='bbox 737 2996 833 3053; x_wconf 84' lang='lat' dir='ltr'>datam</span> <span class='ocrx_word' id='word_1_288' title='bbox 855 2997 952 3055; x_wconf 90' lang='lat' dir='ltr'>sedem</span> <span class='ocrx_word' id='word_1_289' title='bbox 976 2996 1101 3054; x_wconf 91' lang='lat' dir='ltr'>omnium</span> 
     </span>
     <span class='ocr_line' id='line_1_35' title="bbox 151 3074 1149 3135; baseline 0.002 -2"><span class='ocrx_word' id='word_1_290' title='bbox 151 3094 247 3133; x_wconf 87' lang='lat' dir='ltr'>rerum</span> <span class='ocrx_word' id='word_1_291' title='bbox 260 3094 295 3133; x_wconf 88' lang='lat' dir='ltr'>ac</span> <span class='ocrx_word' id='word_1_292' title='bbox 316 3076 500 3135; x_wconf 85' lang='lat' dir='ltr'>fortunarum</span> <span class='ocrx_word' id='word_1_293' title='bbox 509 3093 625 3132; x_wconf 86' lang='lat' dir='ltr'>suarum</span> <span class='ocrx_word' id='word_1_294' title='bbox 648 3074 749 3132; x_wconf 84' lang='lat' dir='ltr'>Romae</span> <span class='ocrx_word' id='word_1_295' title='bbox 764 3075 934 3133; x_wconf 77' lang='lat' dir='ltr'>collocavit?</span> <span class='ocrx_word' id='word_1_296' title='bbox 975 3076 1025 3132; x_wconf 79' lang='lat' dir='ltr'>An</span> <span class='ocrx_word' id='word_1_297' title='bbox 1044 3082 1149 3135; x_wconf 74' lang='lat' dir='ltr'>non35</span> 
     </span>
     <span class='ocr_line' id='line_1_36' title="bbox 152 3153 1100 3230; baseline 0 -19"><span class='ocrx_word' id='word_1_298' title='bbox 152 3162 196 3211; x_wconf 89' lang='lat' dir='ltr'>est</span> <span class='ocrx_word' id='word_1_299' title='bbox 209 3153 380 3230; x_wconf 74' lang='lat' dir='ltr'>professus?</span> <span class='ocrx_word' id='word_1_300' title='bbox 421 3154 513 3210; x_wconf 93' lang='lat' dir='ltr'>Immo</span> <span class='ocrx_word' id='word_1_301' title='bbox 527 3171 594 3210; x_wconf 87' lang='lat' dir='ltr'>vero</span> <span class='ocrx_word' id='word_1_302' title='bbox 612 3153 645 3210; x_wconf 89' lang='lat' dir='ltr'>iis</span> <span class='ocrx_word' id='word_1_303' title='bbox 658 3154 763 3211; x_wconf 84' lang='lat' dir='ltr'>tabulis</span> <span class='ocrx_word' id='word_1_304' title='bbox 782 3155 934 3230; x_wconf 86' lang='lat' dir='ltr'>professus,</span> <span class='ocrx_word' id='word_1_305' title='bbox 950 3173 1015 3230; x_wconf 86' lang='lat' dir='ltr'>quae</span> <span class='ocrx_word' id='word_1_306' title='bbox 1031 3153 1100 3211; x_wconf 84' lang='lat' dir='ltr'>solae</span> 
     </span>
     <span class='ocr_line' id='line_1_37' title="bbox 153 3231 1101 3310; baseline -0.002 -20"><span class='ocrx_word' id='word_1_307' title='bbox 153 3251 187 3290; x_wconf 80' lang='lat' dir='ltr'>ex</span> <span class='ocrx_word' id='word_1_308' title='bbox 200 3233 248 3291; x_wconf 83' lang='lat' dir='ltr'>illa</span> <span class='ocrx_word' id='word_1_309' title='bbox 269 3231 445 3310; x_wconf 84' lang='lat' dir='ltr'>professione</span> <span class='ocrx_word' id='word_1_310' title='bbox 460 3232 635 3309; x_wconf 84' lang='lat' dir='ltr'>collegioque</span> <span class='ocrx_word' id='word_1_311' title='bbox 656 3239 812 3309; x_wconf 83' lang='lat' dir='ltr'>praetornm</span> <span class='ocrx_word' id='word_1_312' title='bbox 825 3233 954 3290; x_wconf 82' lang='lat' dir='ltr'>obtinent</span> <span class='ocrx_word' id='word_1_313' title='bbox 974 3232 1101 3309; x_wconf 90' lang='lat' dir='ltr'>publica·</span> 
     </span>
     <span class='ocr_line' id='line_1_38' title="bbox 152 3311 613 3370; baseline -0.004 0"><span class='ocrx_word' id='word_1_314' title='bbox 152 3331 214 3369; x_wconf 89' lang='lat' dir='ltr'>rum</span> <span class='ocrx_word' id='word_1_315' title='bbox 227 3312 394 3370; x_wconf 81' lang='lat' dir='ltr'>tabularum</span> <span class='ocrx_word' id='word_1_316' title='bbox 408 3311 613 3369; x_wconf 85' lang='lat' dir='ltr'>auctoritatem</span> 
     </span>
    </p>

    <p class='ocr_par' dir='ltr' id='par_1_6' title="bbox 101 3382 1151 3860">
     <span class='ocr_line' id='line_1_39' title="bbox 101 3382 1100 3466; baseline -0.002 -18"><span class='ocrx_word' id='word_1_317' title='bbox 101 3382 130 3415; x_wconf 36' lang='lat' dir='ltr'>H</span> <span class='ocrx_word' id='word_1_318' title='bbox 191 3391 227 3448; x_wconf 88' lang='lat' dir='ltr'>V.</span> <span class='ocrx_word' id='word_1_319' title='bbox 259 3391 338 3447; x_wconf 84' lang='lat' dir='ltr'>Nam</span> <span class='ocrx_word' id='word_1_320' title='bbox 366 3409 456 3466; x_wconf 91' lang='lat' dir='ltr'>quum</span> <span class='ocrx_word' id='word_1_321' title='bbox 482 3388 572 3465; x_wconf 87' lang='lat' dir='ltr'>Appii</span> <span class='ocrx_word' id='word_1_322' title='bbox 598 3388 705 3445; x_wconf 70' lang='lat' dir='ltr'>tabulae</span> <span class='ocrx_word' id='word_1_323' title='bbox 731 3388 922 3466; x_wconf 82' lang='lat' dir='ltr'>negligentius</span> <span class='ocrx_word' id='word_1_324' title='bbox 948 3394 1100 3446; x_wconf 69' lang='lat' dir='ltr'>asservatae</span> 
     </span>
     <span class='ocr_line' id='line_1_40' title="bbox 152 3466 1151 3543; baseline -0.001 -17"><span class='ocrx_word' id='word_1_325' title='bbox 152 3468 321 3535; x_wconf 87' lang='lat' dir='ltr'>dicerentur,</span> <span class='ocrx_word' id='word_1_326' title='bbox 348 3468 468 3534; x_wconf 84' lang='lat' dir='ltr'>Gabinii,</span> <span class='ocrx_word' id='word_1_327' title='bbox 489 3466 627 3543; x_wconf 86' lang='lat' dir='ltr'>quamdiu</span> <span class='ocrx_word' id='word_1_328' title='bbox 650 3466 797 3524; x_wconf 90' lang='lat' dir='ltr'>incolumis</span> <span class='ocrx_word' id='word_1_329' title='bbox 819 3467 881 3533; x_wconf 88' lang='lat' dir='ltr'>fuit,</span> <span class='ocrx_word' id='word_1_330' title='bbox 905 3466 1012 3531; x_wconf 84' lang='lat' dir='ltr'>levitas,</span> <span class='ocrx_word' id='word_1_331' title='bbox 1036 3473 1102 3542; x_wconf 87' lang='lat' dir='ltr'>post</span> <span class='ocrx_word' id='word_1_332' title='bbox 1113 3471 1151 3525; x_wconf 75' lang='lat'>40</span> 
     </span>
     <span class='ocr_line' id='line_1_41' title="bbox 152 3544 1101 3620; baseline -0.005 -15"><span class='ocrx_word' id='word_1_333' title='bbox 152 3548 365 3606; x_wconf 80' lang='lat' dir='ltr'>damnationem</span> <span class='ocrx_word' id='word_1_334' title='bbox 379 3546 532 3612; x_wconf 80' lang='lat' dir='ltr'>calamites,</span> <span class='ocrx_word' id='word_1_335' title='bbox 547 3563 659 3602; x_wconf 90' lang='lat' dir='ltr'>omnem</span> <span class='ocrx_word' id='word_1_336' title='bbox 680 3545 841 3602; x_wconf 88' lang='lat' dir='ltr'>tabularum</span> <span class='ocrx_word' id='word_1_337' title='bbox 862 3545 947 3602; x_wconf 91' lang='lat' dir='ltr'>fidem</span> <span class='ocrx_word' id='word_1_338' title='bbox 964 3544 1101 3620; x_wconf 83' lang='lat' dir='ltr'>resignas·</span> 
     </span>
     <span class='ocr_line' id='line_1_42' title="bbox 149 3623 1100 3699; baseline -0.004 -17"><span class='ocrx_word' id='word_1_339' title='bbox 149 3636 200 3693; x_wconf 91' lang='lat' dir='ltr'>set,</span> <span class='ocrx_word' id='word_1_340' title='bbox 210 3626 358 3691; x_wconf 87' lang='lat' dir='ltr'>Metellus,</span> <span class='ocrx_word' id='word_1_341' title='bbox 369 3626 455 3681; x_wconf 89' lang='lat' dir='ltr'>homo</span> <span class='ocrx_word' id='word_1_342' title='bbox 469 3625 662 3681; x_wconf 84' lang='lat' dir='ltr'>sanctissimus</span> <span class='ocrx_word' id='word_1_343' title='bbox 673 3623 953 3699; x_wconf 83' lang='lat' dir='ltr'>modestissimusque</span> <span class='ocrx_word' id='word_1_344' title='bbox 967 3623 1100 3687; x_wconf 90' lang='lat' dir='ltr'>omnium,</span> 
     </span>
     <span class='ocr_line' id='line_1_43' title="bbox 149 3699 1103 3782; baseline -0.008 -20"><span class='ocrx_word' id='word_1_345' title='bbox 149 3712 227 3762; x_wconf 84' lang='lat' dir='ltr'>tanta</span> <span class='ocrx_word' id='word_1_346' title='bbox 247 3703 402 3782; x_wconf 83' lang='lat' dir='ltr'>diligentia</span> <span class='ocrx_word' id='word_1_347' title='bbox 423 3703 484 3769; x_wconf 85' lang='lat' dir='ltr'>fuit,</span> <span class='ocrx_word' id='word_1_348' title='bbox 503 3711 537 3760; x_wconf 90' lang='lat' dir='ltr'>ut</span> <span class='ocrx_word' id='word_1_349' title='bbox 556 3702 592 3759; x_wconf 84' lang='lat' dir='ltr'>ad</span> <span class='ocrx_word' id='word_1_350' title='bbox 617 3702 649 3758; x_wconf 91' lang='lat' dir='ltr'>L.</span> <span class='ocrx_word' id='word_1_351' title='bbox 664 3701 819 3759; x_wconf 90' lang='lat' dir='ltr'>Lentulum</span> <span class='ocrx_word' id='word_1_352' title='bbox 843 3709 993 3778; x_wconf 86' lang='lat' dir='ltr'>praetorem</span> <span class='ocrx_word' id='word_1_353' title='bbox 1012 3707 1041 3755; x_wconf 92' lang='lat' dir='ltr'>et</span> <span class='ocrx_word' id='word_1_354' title='bbox 1065 3699 1103 3755; x_wconf 86' lang='lat' dir='ltr'>ad</span> 
     </span>
     <span class='ocr_line' id='line_1_44' title="bbox 145 3779 1103 3860; baseline -0.007 -20"><span class='ocrx_word' id='word_1_355' title='bbox 145 3783 256 3860; x_wconf 89' lang='lat' dir='ltr'>judices</span> <span class='ocrx_word' id='word_1_356' title='bbox 271 3782 387 3841; x_wconf 87' lang='lat' dir='ltr'>venerit</span> <span class='ocrx_word' id='word_1_357' title='bbox 410 3782 540 3840; x_wconf 89' lang='lat' dir='ltr'>etunius</span> <span class='ocrx_word' id='word_1_358' title='bbox 554 3780 672 3840; x_wconf 83' lang='lat' dir='ltr'>nominis</span> <span class='ocrx_word' id='word_1_359' title='bbox 695 3779 780 3837; x_wconf 85' lang='lat' dir='ltr'>htura</span> <span class='ocrx_word' id='word_1_360' title='bbox 799 3798 830 3837; x_wconf 88' lang='lat' dir='ltr'>se</span> <span class='ocrx_word' id='word_1_361' title='bbox 844 3784 1018 3837; x_wconf 89' lang='lat' dir='ltr'>commotum</span> <span class='ocrx_word' id='word_1_362' title='bbox 1041 3792 1103 3834; x_wconf 87' lang='lat' dir='ltr'>esse</span> 
     </span>
    </p>
   </div>
   <div class='ocr_carea' id='block_1_4' title="bbox 0 0 1376 4384">
    <p class='ocr_par' dir='ltr' id='par_1_7' title="bbox 0 0 1376 4384">
     <span class='ocr_line' id='line_1_45' title="bbox 0 0 1376 4384; baseline 0 0"><span class='ocrx_word' id='word_1_363' title='bbox 0 0 1376 4384; x_wconf 95' lang='lat' dir='ltr'> </span> 
     </span>
    </p>
   </div>
  </div>
 </body>
</html>
