2742 4384
207 271 246 324 sa
677 282 784 323 naimo

254 431 272 470 a
285 418 387 470 cuncta
400 412 479 478 Asia,
493 419 556 469 tum
570 431 588 467 a
601 403 813 490 magistratibus
834 410 993 488 legatisque
1013 410 1125 477 nostris,
1139 417 1203 468 tum

254 494 291 550 ab
305 492 445 568 equitibus
459 492 593 548 Romanis
608 491 655 566 qui
679 491 707 547 iu
722 490 793 547 Asia
806 490 941 567 negotiati
962 496 1037 556 sunt,
1053 496 1204 566 perspecta

254 581 283 627 et
310 571 432 648 cognita.
485 571 531 628 27.
563 569 662 626 Multis
683 569 730 626 ille
752 567 866 644 quidem
888 568 1024 646 gradibus
1047 568 1225 624 officiorum·

254 668 285 705 er
305 666 395 706 arem
410 649 552 725 publicam
565 657 691 706 nostram
706 647 742 704 ad
757 648 810 703 hoc
820 647 929 724 regium
942 665 1044 704 nomen
1058 646 1184 703 ascendit
1192 664 1206 713 3·

227 670 304 785 baed
328 737 423 784 tamen
437 727 574 803 quidquid
594 745 611 783 a
635 726 717 784 bellis
738 724 836 803 populi
860 725 980 782 Romani
992 726 1121 791 vacabat,
1137 744 1203 781 cum

254 806 413 864 hominibus
437 805 539 862 nostris
553 805 778 870 consuetudines,
800 803 944 870 amicitias,
959 822 1004 860 res
1024 804 1202 879 rationesque

252 885 400 963 jungebat,
411 890 445 939 ut
453 902 509 941 non
520 882 611 940 solum
620 883 776 941 tetrarches
789 882 897 949 nobilis,
913 881 964 939 sed
979 882 1064 938 etiam
1077 882 1202 958 optimus

255 962 455 1040 paterfamilias
469 969 498 1019 et
518 960 748 1038 diligentissimus
764 960 888 1038 agricola
901 970 931 1018 et
945 961 1093 1038 pecuarius
1114 961 1203 1017 habc-

255 1051 339 1098 retur.
362 1041 417 1108 Qui
430 1040 517 1119 igitur
530 1039 702 1106 adolescens,
717 1039 843 1096 nondum
857 1047 936 1096 tanta
950 1039 1041 1117 gloria
1055 1038 1201 1116 praeditus,

209 1126 244 1176 10
255 1120 321 1176 nihil
345 1138 469 1195 unquam
490 1118 541 1175 nisi
565 1118 737 1175 severissime
757 1124 787 1174 et
810 1118 973 1196 gravissime
992 1118 1098 1184 fecerit,
1123 1116 1146 1174 is
1168 1135 1203 1174 ea

255 1197 456 1254 existimatione
471 1216 560 1273 eaque
575 1204 661 1254 aetate
675 1196 811 1253 saltavit?

294 1276 328 1333 X.
371 1282 418 1333 28.
445 1275 561 1342 Imitari,
585 1275 694 1342 Castor,
717 1274 810 1351 potius
835 1274 879 1331 avi
902 1273 943 1331 tui
961 1294 1055 1333 mores
1079 1273 1201 1351 discipli-

255 1373 377 1430 namque
391 1354 516 1411 debebas
529 1372 616 1429 quam
630 1354 737 1430 optimo
747 1360 777 1409 et
790 1353 942 1410 clarissimo
956 1354 1016 1410 viro
1029 1353 1140 1431 fugitivi
1153 1371 1202 1410 ore

255 1432 431 1489 maledicere.
481 1431 564 1500 Quod
589 1431 612 1488 si
635 1433 799 1489 saltatorem
822 1450 907 1488 avum
931 1433 1086 1498 habuisses,
1110 1449 1202 1508 neque

210 1517 245 1570 15
256 1530 321 1567 eum
335 1511 433 1575 virum,
448 1510 523 1566 unde
544 1509 660 1585 pudoris
681 1510 879 1587 pudicitiaque
893 1512 1023 1588 exempla
1038 1518 1203 1588 peterentur

255 1598 349 1645 tamen
364 1588 417 1645 hoc
431 1588 612 1645 maledictum
625 1589 738 1646 minime
758 1589 786 1645 in
806 1589 883 1646 illam
904 1597 1019 1646 aetatem
1033 1589 1201 1647 conveniret.

256 1668 365 1736 Quibus
391 1666 438 1723 ille
469 1666 568 1723 studiis
596 1668 632 1725 ab
662 1668 775 1724 incunte
803 1676 888 1725 aetate
915 1687 945 1725 se
969 1669 1118 1734 imbuerat,
1146 1687 1203 1725 non

256 1745 384 1812 saltandi,
399 1745 449 1803 sed
474 1746 545 1803 bene
567 1752 600 1802 ut
621 1745 713 1813 armis,
732 1746 838 1822 optime
852 1753 884 1803 ut
907 1747 986 1822 equis
1010 1754 1145 1814 uteretur,
1168 1764 1205 1803 ea

255 1833 350 1882 tamen
363 1825 442 1882 illum
463 1831 565 1881 cuncta
586 1825 646 1902 jam
667 1831 768 1881 exacta
781 1832 866 1882 aetate
889 1825 1058 1883 defecerant.
1100 1827 1205 1902 Itaque

209 1912 247 1964 20
257 1904 421 1961 Deiotarum
435 1922 523 1980 quum
538 1903 632 1980 plures
642 1903 670 1960 in
685 1922 789 1980 equum
803 1904 990 1970 sustulissent,
1003 1904 1079 1980 quod
1092 1905 1205 1962 haerere

256 1983 284 2041 in
304 2002 338 2040 eo
358 2001 443 2039 senex
464 1990 567 2059 posset,
591 1982 722 2038 admirari
742 1981 909 2040 solebamus.
951 1982 1005 2039 Hic
1019 2001 1086 2039 vero
1106 1982 1204 2039 adole-

256 2081 345 2128 scens,
360 2061 408 2137 qui
421 2080 501 2118 meus
522 2059 550 2116 in
575 2061 670 2117 Cilicia
683 2060 772 2127 miles,
786 2060 814 2116 in
838 2060 950 2118 Graecia
966 2061 1118 2118 commilito
1138 2060 1204 2127 fuit,

256 2159 344 2216 quum
367 2141 396 2196 in
418 2139 466 2197 illo
490 2146 585 2195 nostro
609 2139 734 2196 exercitu
757 2139 896 2215 equitaret
918 2158 983 2197 cum
1005 2139 1063 2196 suis
1085 2139 1205 2197 delectis

257 2218 407 2296 equitibus,
431 2236 502 2294 quos
522 2236 578 2274 una
596 2236 661 2274 cum
675 2236 710 2274 eo
723 2217 759 2274 ad
783 2218 952 2295 Pompeium
977 2225 1058 2295 pater
1079 2218 1203 2285 miserat,

210 2305 328 2374 25quos
350 2315 502 2354 concursus
529 2295 622 2353 facere
647 2296 772 2353 solebat!
803 2315 888 2372 quam
910 2315 940 2354 se
966 2296 1088 2374 jactare!
1117 2315 1205 2372 quam

257 2375 414 2433 ostentare!
434 2394 521 2451 quam
539 2374 643 2431 nemini
665 2374 693 2430 in
713 2374 760 2431 illa
781 2393 866 2432 causa
886 2375 980 2433 studio
996 2383 1026 2432 et
1047 2375 1204 2452 cupiditate

257 2453 426 2511 concedere!
467 2460 513 2511 29.
536 2454 630 2522 Quum
644 2471 710 2510 vero
730 2453 856 2510 exercitu
869 2455 971 2511 amisso
984 2473 1047 2532 ego,
1063 2455 1111 2530 qui
1124 2454 1203 2530 pacis

257 2550 368 2608 semper
382 2540 488 2598 auctor,
504 2540 569 2607 post
582 2532 778 2588 Pharsalicum
800 2533 931 2609 proelium
945 2551 1043 2589 suasor
1055 2532 1097 2588 fui
1111 2551 1202 2588 armo·

256 2629 320 2666 rum
334 2628 389 2665 non
400 2609 639 2686 deponendorum,
651 2611 700 2666 sed
715 2610 952 2686 objiciendorum:
973 2612 1048 2667 huno
1059 2611 1095 2667 ad
1110 2629 1204 2667 meam

210 2688 453 2750 30auctoritatem
480 2707 536 2744 non
559 2689 640 2766 potui
664 2688 814 2755 adducere,
839 2690 915 2766 quod
944 2697 973 2746 et
996 2689 1056 2766 ipse
1083 2689 1204 2746 ardebat

257 2766 351 2823 studio
365 2765 452 2843 ipsius
466 2766 541 2833 belli,
556 2775 585 2823 et
599 2766 673 2844 patri
687 2767 915 2825 satisfaciendum
928 2787 990 2825 esse
1003 2768 1202 2826 arbitrabatur.

256 2845 335 2902 Felix
357 2844 411 2902 ista
424 2844 533 2910 domus,
548 2864 613 2921 quae
628 2864 684 2901 non
711 2845 907 2922 impunitatem
920 2848 1011 2904 solum
1031 2846 1136 2922 adepta
1156 2846 1202 2912 sit,

257 2924 307 2981 sed
321 2923 471 2980 accusandi
485 2923 572 2979 etiam
582 2922 739 2990 licentiam
762 2925 941 2982 calamitosus
956 2925 1114 2991 Deiotarus,
1127 2922 1140 2999 l
1155 2924 1204 3000 qui

256 3003 293 3060 ab
314 3020 356 3069 eo,
371 3001 420 3077 qui
443 3001 471 3057 in
491 3000 590 3057 iisdem
604 3001 702 3059 castris
725 3003 819 3070 luerit,
832 3022 890 3060 non
902 3004 988 3061 modo
1001 3002 1079 3080 apud
1100 3011 1137 3069 te,
1152 3001 1205 3059 sed

210 3081 343 3144 35etiam
369 3098 387 3137 a
416 3079 474 3136 suis
502 3085 658 3137 accusetur.
720 3081 780 3138 Vos
806 3089 902 3138 vestra
929 3081 1053 3139 secunda
1080 3082 1203 3147 fortuna,

258 3160 367 3226 Castor,
387 3176 445 3215 non
473 3157 593 3234 potestis
622 3158 681 3216 sine
708 3159 930 3236 propinquorum
958 3160 1117 3217 calamitate
1140 3178 1203 3216 esse

257 3235 402 3295 contenti?

295 3315 347 3372 XI.
389 3321 436 3372 30.
458 3313 521 3371 Sint
541 3332 608 3371 sane
630 3314 788 3382 inimicitiae,
803 3335 869 3392 quae
890 3335 1021 3374 essenon
1044 3315 1203 3374 debebant:

256 3411 306 3450 rex
319 3392 393 3449 enim
408 3392 558 3450 Deiotarus
572 3400 695 3449 vestram
709 3393 842 3450 familiam
856 3394 997 3471 abjectam
1011 3402 1041 3452 et
1054 3396 1205 3453 obscuram

209 3481 273 3534 40e
293 3470 415 3528 tenebris
435 3471 463 3527 iu
487 3471 579 3527 lucem
599 3471 734 3528 evocavit.
787 3472 857 3540 Quis
880 3481 962 3530 tuum
985 3482 1095 3549 patrem
1119 3481 1205 3529 antea

257 3549 306 3625 qui
319 3556 402 3615 esset,
417 3567 503 3624 quam
522 3549 603 3623 cujus
625 3567 712 3626 gener
732 3558 806 3606 esset
826 3550 955 3607 audivit?
996 3551 1055 3608 Sed
1075 3550 1205 3626 quamvis

256 3627 365 3703 ingrate
385 3636 414 3684 et
437 3626 521 3702 impie
542 3627 753 3684 necessitudinis
775 3647 875 3685 nomen
897 3629 1090 3706 repudiaretis,
1109 3637 1205 3685 tamen

256 3704 412 3763 inimicitias
426 3705 570 3761 hominum
584 3723 661 3761 more
675 3724 773 3783 gerere
787 3707 930 3783 poteratis,
940 3726 996 3764 non
1010 3708 1076 3764 ficto
1090 3708 1205 3764 crimine

223 3836 237 3863 ,
254 3783 395 3853 mertam,
408 3801 466 3842 non
477 3791 612 3861 expetere
626 3783 722 3852 vitam,
736 3803 793 3842 non
806 3784 906 3862 capitis
925 3803 1076 3843 arcessere.
1116 3785 1205 3854 Κεῖος
