2742 4384
216 302 274 358 126
680 318 787 358 enarro

266 466 331 505 cum
346 447 393 504 illa
414 448 476 526 ipsa
496 448 639 505 teterrima
660 454 742 525 peste
755 467 786 505 se
806 448 963 524 saepissime
985 468 1038 525 pro
1060 456 1111 507 tua
1124 449 1215 528 gloria

265 527 460 593 contendisse:
482 528 655 584 tribunatum
670 546 753 583 suum
768 527 805 584 ad
825 528 946 584 salutem
960 547 1061 595 meam,
1077 549 1142 605 quae
1162 529 1214 586 tibi

265 605 408 662 carissima
422 606 529 672 fuisset,
544 605 662 662 consiliis
685 606 742 662 tuis
756 606 960 683 gubernatum
981 625 1044 664 sea
1064 615 1092 664 te
1113 616 1214 684 postea

264 684 413 742 defensum
425 685 454 741 in
468 684 593 761 periculo
607 684 714 761 eapitis,
730 684 861 762 adjutum
875 686 903 742 in
917 686 1050 761 petitione
1065 693 1212 762 praeturae;

233 761 338 820 bduos
351 782 382 821 se
405 764 510 821 habere
524 782 637 839 semper
650 762 831 820 amicissimos
855 782 991 841 sperasse,
1007 774 1035 821 te
1056 772 1106 822 tuo
1128 766 1211 822 bene·

264 840 336 909 ficio,
360 860 407 899 me
431 862 491 899 suo.
533 842 605 910 Quae
629 841 653 898 si
673 860 730 898 non
752 843 895 918 probaret,
920 842 943 899 si
963 843 1015 900 tibi
1037 844 1077 900 ita
1099 843 1213 919 penitus

264 918 422 978 inhaesisset
434 921 489 978 ista
509 919 640 997 suspicio,
654 920 732 977 nullo
746 928 779 977 ut
799 922 881 978 evelli
900 921 985 978 modo
1000 930 1105 997 posset,
1121 922 1145 978 si
1163 922 1211 979 de-

264 999 348 1075 nique
371 1000 492 1056 Italiae
516 999 637 1065 delectu,
652 1000 722 1056 urbs
744 1000 780 1055 ab
805 1001 890 1056 armis
914 1000 973 1057 sine
997 1000 1109 1057 Milonis
1129 1000 1212 1058 clade

264 1096 407 1154 nunquam
422 1084 496 1135 esset
510 1078 701 1153 conquietura,
716 1096 761 1134 nee
777 1078 830 1134 iste
843 1078 921 1135 baud
936 1078 1068 1136 dubitans
1082 1079 1212 1136 cessisset

214 1157 364 1232 lupatria,
389 1157 421 1224 is,
446 1157 495 1233 qui
516 1156 556 1213 ita
580 1164 728 1214 natusest
751 1164 780 1212 et
804 1157 843 1212 ita
863 1158 1022 1225 consuevit;
1043 1165 1081 1225 te,
1097 1158 1211 1235 Magne,

265 1243 358 1292 tamen
372 1244 568 1302 antestaretur,
584 1235 661 1311 quod
675 1255 749 1292 nunc
763 1235 848 1292 etiam
861 1236 936 1293 facit.

303 1315 410 1371 XXVI.
454 1320 500 1372 69.
523 1314 605 1380 Vide,
621 1320 707 1389 quam
721 1314 758 1370 sit
771 1314 847 1369 varia
861 1315 927 1372 vitae
949 1315 1211 1391 commutabilisque

263 1394 343 1460 ratio,
359 1413 445 1469 quam
464 1412 537 1470 vaga
551 1393 736 1468 volubilisque
757 1392 878 1459 fortuna,
894 1402 1007 1469 quantae
1033 1394 1211 1452 infidelitates

264 1470 292 1527 in
307 1472 442 1538 amicitiis,
457 1491 543 1548 quam
563 1472 599 1528 ad
614 1481 727 1549 tempus
748 1479 824 1548 aptae
838 1472 1036 1540 simulationes,
1057 1481 1169 1549 quantae
1183 1474 1212 1530 in

214 1555 250 1609 15
264 1551 394 1626 periculis
407 1552 485 1629 fugae
502 1552 701 1627 proximorum,
717 1560 832 1627 quantae
855 1551 1027 1609 timiditates.
1069 1552 1137 1618 Erit,
1159 1552 1212 1609 erit

253 1629 334 1686 villud
346 1631 473 1706 profecto
488 1640 601 1706 tempus
616 1637 644 1685 et
657 1630 802 1686 illucescet
815 1629 861 1686 ille
875 1630 1026 1705 aliquando
1041 1631 1108 1697 dies,
1123 1650 1212 1706 quum

263 1717 304 1774 tu,
320 1709 499 1775 salutaribus,
512 1718 543 1764 ut
554 1727 645 1785 spere,
660 1709 746 1765 rebus
757 1709 821 1774 tuis,
834 1709 884 1765 sed
894 1710 1013 1765 fortasse
1027 1718 1107 1766 motu
1118 1710 1212 1785 aliquo

264 1788 453 1844 communium
473 1796 632 1863 temporum
648 1785 709 1864 (qui
730 1806 815 1863 quam
837 1788 937 1844 crebro
961 1788 1079 1855 accidat,
1101 1788 1212 1864 experti

265 1867 335 1923 scire
353 1864 512 1944 debemus),
534 1875 563 1922 et
587 1866 745 1922 amicissimi
766 1867 988 1923 benevolentiam
1002 1874 1031 1923 et
1055 1866 1212 1945 gravissimi

213 1950 251 2004 20
264 1945 382 2002 hominis
403 1946 489 2002 fidem
509 1955 539 2002 et
562 1946 645 2001 unius
662 1954 728 2020 post
748 1945 875 2001 homines
898 1953 980 2001 natos
1003 1946 1147 2003 fortissimi
1162 1946 1213 2002 viri

264 2024 485 2101 magnitudinem
510 2023 593 2080 animi
617 2023 768 2080 desideres.
811 2026 856 2081 to.
879 2024 1057 2100 Quamquam
1077 2025 1138 2100 quis
1156 2026 1212 2082 boc

208 2162 216 2173 ,
264 2103 371 2169 credat,
394 2103 445 2160 On.
461 2103 637 2179 Pompeium,
659 2102 730 2178 juris
753 2102 866 2179 publici,
891 2103 975 2159 moris
999 2104 1147 2180 majorum,
1172 2104 1212 2162 rei

264 2179 384 2257 denique
398 2182 520 2259 publicae
535 2181 744 2257 peritissimum,
756 2200 843 2257 quum
858 2190 972 2238 senatus
986 2182 1011 2238 ei
1032 2183 1211 2250 commiserit,

263 2268 297 2316 ut
318 2260 434 2328 videret,
456 2281 495 2318 un
510 2279 579 2324 oum
593 2279 646 2318 nus
660 2279 787 2318 rustica
800 2279 976 2317 nurerunsrr
995 2279 1133 2328 curuans,
1155 2281 1213 2338 quo

212 2345 250 2398 25
264 2358 321 2396 uno
335 2340 472 2397 versiculo
486 2339 554 2396 satis
576 2339 677 2395 armati
697 2358 811 2416 semper
831 2340 960 2396 consules
981 2340 1104 2405 fuenmt,
1126 2340 1212 2397 etiam

263 2419 347 2475 nullis
361 2419 444 2475 armis
466 2419 547 2485 datis,
568 2418 644 2474 hunc
665 2418 797 2484 exercitu,
813 2419 888 2475 hunc
906 2406 1117 2484 delectuldato,
1136 2418 1212 2495 judi·

264 2497 339 2553 cium
353 2506 583 2574 exspectaturum
597 2497 684 2554 fuisse
708 2497 736 2553 in
751 2497 812 2573 ejus
833 2497 953 2554 consiliis
967 2496 1149 2563 vindicandis,
1164 2497 1212 2573 qui

263 2575 292 2630 vi
313 2575 419 2651 judicia
442 2576 504 2653 ipse
525 2576 660 2633 tolleret?
702 2576 777 2633 Satis
795 2575 952 2651 judicatum
967 2582 1010 2633 est
1029 2594 1047 2631 a
1066 2575 1213 2652 Pompeio,

264 2653 341 2719 satis,
356 2654 427 2711 falso
449 2656 503 2712 ista
517 2655 636 2712 conferri
650 2654 677 2711 in
692 2654 835 2721 Milonem,
861 2654 908 2731 qui
930 2655 1023 2732 legem
1046 2654 1120 2721 tulit,
1145 2672 1211 2731 qua,

213 2737 251 2791 30
264 2740 297 2789 ut
311 2751 365 2808 ego
375 2733 473 2800 sentio,
495 2733 627 2790 Milonem
649 2733 757 2790 absolvi
771 2752 788 2788 a
801 2734 881 2790 vobis
895 2740 1047 2809 oporteret,
1062 2742 1095 2789 ut
1115 2751 1212 2790 omnes

265 2811 440 2879 confitentur,
456 2812 559 2870 liceret.
603 2813 648 2870 71.
671 2812 755 2880 Quod
769 2831 836 2869 vero
856 2812 884 2869 iu
906 2813 953 2870 illo
973 2812 1036 2869 loco
1050 2819 1135 2888 atque
1158 2812 1212 2868 illis

265 2889 441 2966 publicorum
457 2891 651 2966 praesidiorum
673 2892 760 2968 copiis
774 2891 960 2948 circumfusus
974 2891 1062 2956 sedet,
1078 2890 1145 2946 satis
1162 2890 1212 2948 de·

265 2968 363 3034 clarat,
378 2985 477 3025 senon
497 2975 633 3026 terrorem
654 2970 755 3026 inferre
769 2970 851 3027 vobis
866 2966 945 3047 (quid
960 2970 1033 3026 euim
1054 2969 1145 3025 minus
1165 2969 1213 3027 illo

265 3046 391 3124 dignum,
407 3066 492 3123 quam
512 3067 622 3125 cogere,
643 3056 677 3105 ut
698 3068 750 3106 vos
770 3067 836 3105 eum
856 3048 1057 3115 condemnetis,
1077 3048 1106 3104 in
1127 3066 1213 3123 quem

213 3134 250 3188 35
264 3126 486 3183 animadvertere
499 3126 560 3202 ipse
574 3134 603 3183 et
623 3145 703 3184 more
716 3127 855 3204 majorum
870 3135 900 3184 et
920 3146 971 3183 suo
989 3128 1053 3203 jure
1067 3134 1163 3204 posset
1174 3125 1212 3202 l),

264 3205 315 3262 sed
337 3204 467 3282 praesidio
491 3224 561 3271 esse,
583 3212 615 3261 ut
639 3205 809 3283 intelligatis,
834 3214 932 3263 contra
954 3206 1113 3262 bestemam
1135 3205 1213 3263 illam

264 3284 426 3341 concionem
440 3283 524 3340 licere
537 3282 626 3350 vobis,
641 3283 719 3360 quod
732 3284 868 3351 sentiatis,
883 3284 969 3341 bbere
985 3283 1115 3341 ‘udicare

303 3363 427 3420 XXVII.
470 3364 516 3420 72.
538 3362 600 3419 Nec
616 3380 683 3419 vero
704 3380 759 3428 me,
779 3362 898 3439 judices,
921 3362 973 3420 010
996 3363 1088 3419 'anum
1108 3362 1214 3420 crimen

264 3449 368 3508 movet,
383 3459 435 3498 nec
459 3449 518 3498 tam
534 3459 597 3497 sum
612 3440 728 3497 demens
750 3448 866 3516 tamque
880 3442 966 3498 vestri
986 3460 1085 3498 sensus
1099 3441 1214 3519 ignanrs

214 3525 252 3579 40
265 3528 350 3596 atque
371 3539 480 3597 expers,
496 3526 529 3576 ut
549 3519 679 3586 nesciam,
701 3518 769 3595 quid
794 3519 830 3575 de
851 3528 942 3577 morte
964 3520 1055 3577 (llodii
1078 3519 1213 3577 sentiatis.

265 3599 389 3676 Deque,
405 3598 428 3655 si
449 3598 508 3675 jam
522 3597 625 3654 nollem
648 3597 689 3654 ita
707 3598 813 3656 diluere
834 3599 947 3665 crimen,
962 3606 995 3655 ιιι
1018 3598 1096 3666 dilui,
1118 3606 1215 3655 tamen

264 3677 381 3756 impune
403 3677 500 3734 Miloni
523 3677 617 3755 palam
633 3676 755 3734 clamare
776 3695 809 3733 ac
825 3677 936 3733 mentiri
959 3677 1080 3757 gloriose
1101 3677 1213 3734 liceret:

266 3764 284 3789 ‘⁴
294 3757 400 3824 Occidi,
416 3755 516 3823 occidi,
528 3774 583 3812 non
598 3754 648 3834 Sp.
661 3755 796 3822 Maelium,
809 3755 857 3833 qui
870 3774 981 3813 annona
990 3756 1110 3813 levanda
1121 3757 1214 3832 jactu-

264 3836 359 3915 risque
372 3836 413 3894 rei
431 3834 584 3904 familiaris,
599 3834 665 3912 quia
678 3833 759 3892 nimis
773 3834 907 3912 amplecti
928 3833 1043 3912 plebem
1056 3833 1215 3902 videbatm,
